2802 4774
297 405 358 464 7³6
659 389 844 502 SGHQLIA

296 565 384 647 fieri,
403 567 506 632 stetim
530 587 638 630 omnes
664 565 775 630 arbitri
799 565 894 649 sequi
921 561 1113 632 isdicebunt.
1160 564 1313 628 Derides

298 681 381 744 enim
411 679 446 740 in
476 677 555 740 locis
584 675 684 740 citetis
710 677 749 740 de
762 697 810 740 -ee
838 674 994 758 loquitur3
1026 672 1171 738 Christus
1203 689 1314 738 eutem

162 779 167 808 ¹
297 789 358 853 boc
377 788 462 851 idem
482 785 522 848 de
542 805 574 848 ee
596 785 686 848 etiem
706 805 780 849 rere
801 785 907 848 dicere
926 783 1029 866 potnit
1054 781 1122 865 (Cf.
1145 805 1257 868 cupre
1286 807 1314 852 c.

250 891 251 896 ¹
296 897 376 973 Xll,
397 901 472 978 58).
517 893 660 958 Christus
681 896 720 960 de
732 895 853 959 lndeeie
871 893 933 976 ipsi
953 887 1075 955 infestis
1097 907 1312 977 conquestus,

297 1007 414 1070 dictum
440 1004 517 1067 illud
538 1005 667 1066 Deridis
689 1005 781 1067 etiem
802 1026 859 1067 suo
879 1002 1001 1088 (magni
1020 1001 1105 1065 illiue
1132 1003 1216 1069 Filii
1251 1003 1313 1065 De·

295 1115 391 1190 ridie)
414 1111 720 1202 exemploiilustreri
741 1127 772 1176 et
794 1110 972 1178 confirmsri
992 1111 1040 1174 hie
1065 1111 1172 1176 rerlris
1197 1113 1311 1178 docet.

297 1223 449 1310 Semper,
476 1226 536 1299 sit,
565 1223 618 1286 hic
652 1242 720 1286 moe
747 1222 964 1307 improborum
998 1219 1073 1296 fuit,
1098 1235 1135 1284 ut
1163 1224 1247 1305 pios
1273 1245 1310 1286 ec

295 1323 413 1420 probos
440 1333 515 1396 odio
534 1344 818 1417 persequerentur,
843 1351 902 1394 nec
928 1331 1004 1394 mihi
1033 1331 1094 1392 slis
1124 1351 1196 1394 sors
1233 1355 1310 1396 con

294 1443 417 1527 tingere
436 1442 547 1522 potuit.
590 1435 692 1520 Nince
719 1441 749 1509 b.
775 1441 799 1507 1,·
820 1441 933 1503 iterum
953 1455 990 1504 nt
1007 1460 1140 1525 suprec
1169 1441 1229 1518 X,
1256 1449 1305 1510 3⁴1.

294 1550 386 1612 letius
410 1549 567 1626 'tomitem
599 1548 641 1631 de
666 1549 756 1614 libris
780 1550 889 1614 Isecrie
917 1549 1113 1616 indecorem.
1159 1546 1306 1638 limporis,

166 1718 168 1727 .
249 1739 251 1746 y
294 1679 409 1767 0213,
427 1664 501 1724 sine
521 1665 612 1724 iusto
631 1681 755 1763 causo,
774 1656 923 1743 fristra.

400 1775 405 1824 l

379 1881 428 1940 26.
462 1865 566 1935 Ὅταν
587 1867 741 1954 testes)
760 1865 915 1932 subruti:
940 1867 1027 1932 Heec
1050 1886 1149 1950 peuce
1168 1865 1301 1930 meiem
1369 1891 1370 1896 ¹

293 1977 407 2040 dixisse
428 1978 578 2052 sufficist3
606 1977 704 2039 multo
730 1998 803 2040 vcro
825 1978 915 2060 plum
936 1978 976 2040 sd
996 1997 1096 2040 meem
1116 1975 1299 2038 doctricem
1370 2057 1371 2068 ἵ

293 2082 535 2149 confirmandam
567 2098 600 2149 et
629 2088 902 2149 commendendam
931 2085 1020 2150 robis
1051 2087 1216 2171 impertiet
1242 2085 1295 2146 ille

292 2195 416 2260 divinus
433 2194 511 2259 elius
532 2195 645 2260 doctor
663 2211 694 2258 et
715 2197 846 2265 adiutor.
887 2194 925 2262 Ὁ
957 2191 1175 2282 παράκλητος)
1210 2193 1294 2260 Vide

292 2326 385 2389 enprs
404 2305 495 2382 XIV,
517 2320 564 2376 16.
603 2285 824 2387 deceptiores)
849 2306 935 2368 Exit
954 2301 1083 2378 missus,
1102 2304 1153 2366 rel
1173 2297 1293 2388 eini‘pli·

291 2417 386 2480 citere
407 2421 566 2488 mittitur,
587 2415 614 2502 ei
636 2433 761 2476 mneum
781 2423 911 2495 spectes.
951 2411 1033 2474 Nem
1060 2433 1132 2475 cum
1153 2419 1291 2477 mitten·

291 2529 355 2590 dus
375 2523 497 2588 dicetne
517 2523 653 2608 Spiritus
680 2543 697 2584 s
725 2523 849 2596 Patre,
877 2515 1018 2604 profecto
1047 2520 1114 2585 eine
1140 2543 1164 2584 o
1183 2524 1290 2612 Patre

289 2641 403 2701 exitus
422 2657 486 2699 non
506 2634 567 2718 elio
588 2631 649 2694 nisi
669 2629 781 2694 eodem
801 2649 894 2690 sensu
913 2643 1017 2713 potest
1036 2631 1183 2718 intelligi.
1225 2632 1289 2696 Ἐκ.

288 2745 476 2831 πορεύεσθαι
509 2765 574 2806 non
608 2739 713 2804 differt
749 2735 978 2824 significatione
1010 2739 1049 2802 sb
1078 2741 1291 2826 iflpxeedms,

288 2866 454 2934 utrumque
477 2851 560 2914 enim
580 2851 710 2936 ponitur
728 2869 787 2932 pro
813 2849 950 2912 hebraeo
973 2868 1071 2956 ΝΞ,
1101 2862 1134 2913 et
1160 2869 1287 2934 usurpe-

286 3005 338 3056 tur
358 2993 397 3054 de
418 2990 580 3070 ministro,
616 2994 670 3077 qui
692 2991 834 3054 mendete
861 3001 1061 3054 exerentem
1083 2990 1143 3052 iem
1172 2991 1241 3056 sinit
1269 3013 1285 3052 e

182 3161 188 3179 ,
258 3105 454 3185 'conspectu
471 3101 575 3186 regie,
594 3105 649 3186 qni
670 3125 742 3166 enm
763 3101 866 3165 mittit.
908 3099 1120 3166 Vanissimum
1142 3115 1209 3164 eret
1237 3123 1285 3166 eo-

284 3235 353 3274 rum
374 3225 600 3286 commentum,
622 3213 676 3296 qui
697 3212 864 3274 discrimen
885 3209 1102 3295 excogitemus
1126 3207 1211 3272 inter
1230 3217 1286 3288 ‚de-

285 3317 472 3404 eepev'scdeu
492 3333 524 3384 et
543 3321 705 3398 teretes,
726 3319 767 3382 its
788 3319 931 3404 quidem,
953 3331 989 3382 nt
1010 3317 1072 3380 hcc
1091 3319 1225 3382 verbnm
1247 3317 1284 3381 ed

187 3457 197 3464 ·
282 3427 479 3523 emissionem
500 3427 636 3512 Spiritus
657 3421 762 3492 Sancti
782 3431 816 3491 in
835 3429 945 3493 orbem
970 3440 1122 3492 terrerum
1153 3427 1283 3494 referre·

282 3551 350 3612 tur,
384 3552 414 3601 st
439 3533 662 3622 ἐκπορεύεσθαι
689 3537 898 3618 reconditiora
932 3535 1140 3622 significent,
1168 3558 1283 3624 nempe
1368 3583 1370 3616 e

280 3647 514 3731 processionem
534 3645 671 3731 Spiritus
691 3643 796 3709 Ssncti
818 3669 836 3710 s
855 3649 966 3724 Petre,
997 3650 1052 3732 qui
1079 3647 1210 3710 eendem
1238 3667 1309 3712 ee·-

281 3755 410 3817 sentism
446 3755 558 3816 hebeat
594 3775 664 3817 cum
691 3756 793 3824 Patre.
840 3757 943 3822 Nemo
973 3777 1110 3842 unpeem
1138 3741 1199 3818 lioc
1224 3775 1282 3840 per
1368 3813 1369 3826 2

281 3883 371 3926 usum
391 3863 518 3950 liognee
538 3864 661 3941 docuit,
682 3879 735 3930 ent
755 3867 868 3930 docere
890 3879 1003 3953 potest.
1046 3865 1117 3950 lpse
1138 3861 1281 3928 Christus
1368 3873 1369 3906 l

278 3985 445 4058 utrumque
466 3973 598 4050 sethum
624 3977 804 4062 promiscue
831 3989 980 4062 usurpet,
1010 3993 1078 4060 cep·
1099 3971 1198 4050 XVI,
1229 3987 1277 4044 28·
1368 4017 1369 4030 κ

685 4097 691 4109 ·
1171 4081 1276 4168 Quum
