2698 4788
57 452 62 464 ·
161 467 167 485 =
259 417 367 522 vr‘
512 387 1187 562 nnnnruiro‚,·

179 685 181 695 ·
258 655 412 750 Krehsit',
447 661 618 731 Loesneri
634 654 855 758 aliorumque,
882 685 1025 760 eaquae
1054 657 1141 748 nribi
1168 658 1263 732 vide-

228 765 234 774 ’
260 793 378 850 rentur
390 777 526 877 optima,
552 777 740 850 Auctorum
758 778 869 852 verbis
896 778 947 852 vel
972 778 1119 868 retentis,
1145 777 1196 853 111
1223 779 1262 852 iu

260 873 495 998 compendium
528 897 679 970 redactis.
740 896 966 1000 Quamquam
1008 915 1118 974 autem
1153 896 1263 998 pluri-

50 1091 57 1100 ,
119 1113 123 1120 .
202 1029 207 1034 '
260 1046 315 1092 ma
341 1017 447 1107 debeo
474 1015 558 1105 aliis,
592 1011 841 1118 deprehendent
875 1037 987 1093 tamen
1021 1018 1094 1092 viri
1126 1007 1263 1108 cruditi,

261 1145 315 1210 1111
341 1135 433 1214 haud
449 1163 526 1210 raro
551 1135 676 1212 veteres
702 1137 991 1239 interpretationes
1016 1137 1111 1213 novis
1137 1137 1263 1213 confir-

260 1283 351 1330 mare
385 1256 583 1346 rationibus,
618 1255 669 1332 vel
707 1257 806 1331 ctiam
840 1287 953 1332 meum
986 1258 1082 1360 sequi
1115 1247 1262 1334 sensum.

263 1357 396 1474 Quodsi
422 1377 611 1450 institutum
637 1405 750 1454 meum
782 1378 921 1477 probari
952 1379 1048 1454 Viris.
1076 1377 1183 1452 doctis
1208 1379 1263 1488 inf

260 1495 433 1592 tellexero,
470 1497 560 1570 hunc
587 1515 715 1572 tomum
747 1498 909 1599 excipient
941 1516 1010 1575 tres
1044 1496 1110 1588 alii,
1136 1499 1262 1599 quibus

247 1601 368 1690 ¹totum
402 1615 639 1719 corpusculum
680 1617 893 1693 Scholiorum
937 1618 973 1692 in
1001 1615 1133 1692 ¹omnes
1175 1618 1262 1693 Novi

262 1737 464 1810 Testamenti
516 1735 622 1812 lib'ros
671 1738 1013 1839 comprehendetur·
1056 1738 1302 1839 Quanquam‘

261 1883 338 1931 vero
365 1856 447 1932 baec
465 1856 601 1932 Scholia
627 1887 697 1931 non
724 1859 918 1932 doctoribus
944 1857 1078 1958 scripta,
1105 1859 1165 1931 sed
1194 1858 1264 1932 dis-

262 1975 380 2078 cipulis
407 1977 571 2052 destinata
605 1991 695 2064 sunt,
730 1977 844 2050 forsan
878 1994 989 2050 tamen
1025 1977 1262 2051 exercitatiori-

202 2187 206 2199 .
260 2098 336 2188 bus,
363 2098 456 2171 et'in
482 2096 753 2198 interpretatione
788 2096 909 2172 Sacrae
945 2095 1137 2198 Scripturas
1172 2096 1276 2182 mul-¹

177 2225 216 2254 '⁸'
261 2236 333 2292 tum
359 2219 507 2308 versatis,
532 2216 624 2292 baud
656 2214 878 2293 iniucundum
911 2215 991 2304 erit,
1032 2218 1067 2290 in
1100 2203 1262 2318 promptu

8 2395 14 2418 .
69 2395 72 2400 -
261 2339 385 2415 babere
402 2339 517 2414 breves
538 2337 779 2426 annotationes,
806 2365 890 2438 quas
909 2337 1053 2412 subinde
1079 2338 1175 2411 novis
1200 2337 1262 2411 ob·
1289 2403 1291 2408 .

262 2460 524 2548 minationibus,
557 2456 609 2533 vel
627 2487 681 2550 ,ex
705 2457 932 2546 lectione,ch
959 2458 1096 2560 propria
1123 2457 1263 2532 medita-

123 2571 160 2592 ”
197 2625 198 2630 1
261 2582 353 2656 tione
386 2607 517 2687 augere
542 2580 680 2680 possint.
742 2578 856 2674 Quare
889 2577 1091 2679 Bibliopoia,
1118 2581 1168 2651 vir
1201 2577 1282 2651 ho-'

263 2700 482 2786 nestissimuS,
516 2716 636 2796 rogatu
662 2725 738 2770 meo
774 2695 972 2797 exemplaria
1000 2695 1164 2770 nonnulla
1190 2725 1261 2770 ma-

161 2829 171 2925 s
262 2821 327 2898 ioci
351 2821 476 2910 forma,
503 2835 637 2892 etcum
665 2816 861 2918 spatiosiore
896 2817 1047 2913 margine
1080 2817 1170 2921 typis
1205 2835 1270 2890 cx:

261 2941 362 3044 primi
394 2941 531 3028 curavit,
566 2969 633 3040 quo
659 2935 728 3024 illi,
755 2936 878 3038 quibus
914 2935 1034 3037 volupe
1069 2953 1164 3024 esset,
1199 2937 1261 3010 ob-

175 3049 179 3056 *
254 3064 462 3154 ,servationcs
489 3061 580 3134 intcr'
601 3058 780 3156 legendum
807 3073 896 3131 ortas
937 3055 1144 3131 commodius
1183 3083 1260 3156 pos-

263 3201 338 3258 sent
369 3181 566 3278 adscribere.
619 3179 715 3252 Faxit
747 3178 852 3265 Deos,
885 3194 924 3249 ut
965 3175 1139 3276 perhanc
1182 3174 1260 3275 ope-

262 3277 336 3378 ram
379 3331 485 3380 mcum
523 3295 778 3401 quamplurimis
820 3295 1024 3394 Theologiac
1066 3293 1260 3370 Cultoribus

263 3423 448 3522 legitimum
482 3449 520 3496 ac
560 3409 697 3494 bberale
730 3417 910 3492 Sacrarum
944 3415 1129 3490 litteratum
1155 3415 1261 3490 studi-

263 3571 333 3633 um,
360 3545 402 3618 ad
419 3542 579 3616 maiorem
596 3537 728 3612 Summi
742 3537 898 3613 Numinis
926 3534 1078 3634 gloriam,
1105 3553 1138 3614 et
1162 3536 1261 3611 uber-

221 3695 226 3704 ·
262 3665 384 3752 simum
412 3660 566 3736 ecclesiae
593 3655 854 3732 emolumentum
888 3655 1095 3731 incendatur.
1149 3655 1259 3758 Scrip-

149 3845 152 3854 ,
262 3785 291 3860 si
317 3783 483 3883 Erlangae
508 3777 540 3855 (1
566 3797 697 3854 xxvttl.
721 3778 879 3877 Augusti,
904 3776 1205 3880 MDCCLXXVH.
