2860 4788
309 440 368 501 >126
696 428 895 508 jscrtohta

306 607 358 668 bie
380 616 442 680 oet,
476 619 511 667 ut
537 603 720 686 simpliciter
739 610 848 684 abire,
881 611 1034 672 secedere
1056 607 1192 668 denotet.
1246 602 1302 666 Sic

306 717 436 794 loseph.
463 716 534 773 Ant·
561 713 634 790 Vll,
667 721 697 790 l,
726 729 754 782 2·
796 715 962 798 dtloev'idqc
981 753 1021 764 -
1040 715 1229 784 ἐκνεύσας
1258 720 1302 786 etc

304 848 334 886 τι
357 831 483 906 χωρίον,
511 826 664 886 Davides
684 845 785 906 quum
806 831 841 887 in
861 847 985 908 agrum
1006 827 1175 907 quendem
1194 841 1303 891 seces·

302 937 408 994 sisset.
457 931 554 992 Notat
575 925 675 994 tamen
699 935 906 1008 Loesnerus,
936 929 1031 998 νεύειν
1056 933 1146 994 etiam
1175 943 1206 992 et
1226 931 1301 994 aive·

302 1039 456 1112 uiuente
477 1043 583 1102 eadem
606 1043 733 1105 notione
752 1043 842 1124 poni,
873 1063 899 1113 a,
922 1065 955 1127 g.
995 1026 1151 1106 Philota
1174 1039 1225 1100 tll.
1258 1029 1299 1103 de

300 1151 362 1210 vita
382 1131 482 1210 Nloaia
501 1157 621 1232 pastis.
650 1149 686 1212 C·
710 1164 778 1222 690.
801 1151 840 1210 E·
863 1146 958 1234 ὄχλου
978 1146 1060 1226 ὄντος
1080 1157 1113 1214 ἐν
1132 1151 1175 1232 τῷ
1196 1143 1300 1230 ednas)

304 1263 396 1342 (luia
418 1280 545 1342 arogno
571 1261 617 1320 ibi
643 1269 718 1320 erat
738 1263 857 1340 populi
877 1264 988 1326 turba.
1031 1257 1168 1322 Nolebat
1189 1257 1298 1318 Domi·

298 1387 358 1426 nus
379 1387 418 1434 se¹
432 1365 542 1447 plausu
563 1367 649 1453 vulgi
665 1369 784 1451 excipi,
809 1369 1069 1451 quemadmodum
1086 1367 1216 1444 eundem
1238 1369 1298 1430 alia

298 1475 382 1548 rice,
424 1471 505 1537 secto
534 1497 675 1554 necessu,
711 1477 860 1554 evitabat,
901 1478 1100 1552 lo·Vl,15.
1148 1477 1296 1550 Fortasse

297 1586 390 1646 etiam
411 1587 518 1646 turbas
541 1599 571 1648 et
596 1585 804 1655 dissensiones
822 1589 905 1650 inter
924 1599 1102 1671 praesentes
1124 1587 1296 1675 exoriturae

269 1687 275 1754 ’.
297 1707 497 1775 praevertere
519 1687 645 1790 voluit.¹
698 1701 699 1711 ’

378 1828 424 1886 tt.
455 1819 546 1887 Memi
567 1825 682 1904 razim)
710 1806 885 1897 incertum,
911 1845 950 1907 an
970 1822 1088 1904 aliquot
1110 1823 1178 1886 dies
1201 1838 1293 1908 poat3

295 1929 334 1991 da
362 1931 473 1990 eodem
512 1929 577 1990 die‘
601 1930 651 1990 vix
682 1909 808 1995 ridetdr
840 1953 933 2013 posse
971 1932 1115 2012 intelligi.
1181 1945 1294 2020 μηκέτι

293 2037 468 2118 ἁμάρτανε)
491 2057 535 2099 ac.
562 2039 736 2101 istomodo
758 2053 819 2100 tam
841 2041 972 2124 indigno
994 2053 1025 2101 et
1043 2041 1180 2128 iusigni3
1208 2041 1295 2125 apud

270 2147 423 2208 ·ludaeoa
456 2147 539 2208 enim
575 2145 765 2231 ἅμαρτᾶνειν
798 2145 865 2210 lere
899 2149 938 2210 da
976 2163 1107 2231 peccato
1142 2151 1294 2214 eminenti

292 2257 440 2332 sumitur,
473 2269 513 2338 ut
537 2270 564 2323 c,
587 2255 681 2330 Vlll,
717 2270 763 2322 11.
806 2255 911 2341 χέῒρόν
932 2265 978 2337 τι)
1006 2259 1188 2320 lneanabilia
1209 2283 1294 2321 mor·

289 2367 367 2441 bna,
389 2379 443 2427 aut
463 2364 617 2427 moriendi
639 2366 788 2448 quaedam
810 2363 901 2430 foeda
921 2367 1098 2430 necessitas.
1146 2371 1204 2430 Ilia
1222 2392 1293 2432 rer-

290 2477 341 2538 bis
362 2478 448 2538 leena
470 2475 589 2537 homini
607 2475 640 2535 in
663 2475 844 2536 memoriam
865 2497 1013 2539 revocare
1035 2477 1132 2539 voluit
1153 2457 1291 2561 peccata,

212 2629 214 2643 .
291 2585 406 2669 quibua
426 2584 508 2647 huno
527 2584 672 2652 morbum
694 2584 756 2645 eibi
769 2597 962 2648 contraxerat
1012 2585 1081 2645 Hoc
1095 2586 1164 2667 ipso
1186 2601 1291 2650 autem

288 2693 441 2770 ostendit,
464 2714 497 2754 ae
519 2713 585 2754 ease
600 2695 806 2782 prophetam,
828 2711 862 2758 ut
877 2696 931 2778 qui
951 2717 1013 2755 non
1035 2689 1151 2756 tantum
1173 2692 1289 2774 lutura,
1341 2733 1346 2740 ,

93 2819 96 2837 ¹
196 2885 199 2892 1
288 2806 345 2866 aed
366 2806 459 2866 etiam
472 2805 640 2886 praeterita
654 2805 759 2868 sciret.
799 2807 988 2888 Neutiqaam
1003 2803 1034 2862 h.
1050 2803 1070 2862 l.
1087 2807 1289 2868 statuendum

287 2919 351 2988 eat',
385 2913 488 2974 lesum
521 2905 761 2977 secutum'eeaa
790 2916 950 3000 vulgarem
987 2911 1071 2972 illam
1100 2896 1287 2978 Iudaeorum

286 3023 486 3106 opinionem,
531 3045 592 3108 qua
624 3024 756 3090 morbos*
785 3043 893 3087 omnes
930 3043 1049 3105 poenae
1081 3038 1287 3106 peecatorum

285 3131 510 3194 existimabant·
574 3111 576 3120 ‚

347 3269 415 3328 ¹15·
451 3261 524 3332 Τοῖς
550 3259 721 3341 Ἰουδαίοις)
756 3274 802 3322 sc.
832 3256 1034 3340 primoribus.
1081 3254 1154 3340 Quo
1180 3257 1286 3323 enimc

186 3411 188 3416 ,
284 3371 338 3444 ille
366 3371 461 3432 homo
489 3369 523 3429 id
550 3367 721 3430 indicatum
746 3367 859 3443 inerit,
900 3367 1054 3428 incertum
1083 3377 1139 3426 eat.
1191 3369 1285 3432 Bono

282 3495 385 3544 tamen
408 3479 554 3553 coneilio,
591 3491 625 3539 ut
645 3486 761 3560 nempe
779 3491 870 3563 grato
891 3475 993 3536 animo
1025 3473 1199 3536 celebraret
1229 3479 1287 3540 be·

281 3591 388 3652 melicii
410 3603 581 3663 auctorem,
606 3587 640 3648 id
663 3608 733 3648 eum
757 3584 880 3662 fecisse,
906 3583 1055 3648 credibile
1073 3597 1132 3644 eet.
1175 3585 1283 3671 Quare

282 3713 496 3781 recuperatam
524 3698 684 3760 sanitatem
719 3699 839 3772 laudat,
877 3715 941 3756 non
972 3705 1073 3752 autem
1102 3695 1284 3762 mandatum

281 3797 320 3870 de
342 3809 480 3870 tollendo
506 3808 658 3894 grabbato
686 3817 917 3870 commemorat.
961 3794 1091 3874 'Forsan
1118 3803 1209 3862 etiam
1232 3828 1284 3867 ra.

280 3919 422 3982 verentia
451 3917 587 3999 aynedrii
610 3917 799 3990 ducebatur,
821 3930 854 3975 ut
873 3909 1091 3981 nomenleau,
1128 3913 1214 3994 quod
1245 3916 1282 3978 in

278 4028 396 4112 templo
419 4039 625 4114 cognoverat,
647 4025 687 4087 iia
708 4025 856 4087 deferret.
896 4024 959 4090 Alii
981 4019 1080 4082 aliter.

1228 4145 1277 4202 16·
1336 4179 1338 4188 =
