2698 4788
389 1099 849 1259 PRAEFA'TIO.
959 1229 963 1244 .

297 1371 358 1424 an
394 1363 674 1429 nn1r10rnn
710 1351 937 1436 rnnmrfm

509 1569 725 1584 ——-—.-..
864 1553 867 1561 ⁸
1081 1572 1086 1618 ι
1154 1572 1157 1586 ι

123 1650 263 1828 Quum
291 1671 511 1810 Scholiorum
533 1723 686 1792 meo'rum
705 1718 741 1791 in
761 1719 854 1830 NT.
872 1719 972 1797 editio
998 1745 1117 1792 secun-

126 1840 214 1932 da
185 1869 232 1914 m
249 1839 339 1945 typis
366 1839 527 1939 exscripta
550 1837 745 1938 prodiisset,
769 1867 842 1912 ecce
861 1831 1032 1914 Librarius
1057 1867 1117 1942 pa·
1150 1913 1152 1916 ,
1215 1881 1217 1886 ·
1261 1883 1263 1888 =

124 1989 192 2034 mre
214 1989 247 2034 se
274 1987 400 2032 novam
426 1958 522 2032 Tomi
551 1959 651 2060 primi
681 1959 859 2034 editionem
888 1959 1004 2034 litteris
1036 1959 1117 2034 milli

119 2079 326 2178 significarit,
343 2107 466 2180 meque
481 2069 665 2176 rogavitssut
679 2077 728 2151 od*
743 2107 815 2165 eam
832 2082 1017 2156 ornandam
1027 2079 1118 2154 locu-

118 2201 361 2302 pletandamre,
387 2227 416 2272 sr
406 2197 559 2300 aliquid
572 2197 739 2286 haberem,
756 2199 792 2272 id
811 2188 1005 2275 consecrem.
1040 2198 1118 2274 Feci

116 2321 232 2418 igitur,
266 2318 392 2421 quod
381 2336 470 2390 mter
491 2334 599 2392 cetera
620 2319 753 2416 negotia
781 2337 814 2394 et
837 2321 946 2394 officia
970 2320 1119 2427 muneris
1161 2362 1168 2368 -
1269 2311 1273 2326 ’

30 2516 35 2525 ,
116 2442 272 2540 vitaeque
286 2439 395 2512 lacere
416 2431 521 2573 potui.
544 2436 685 2534 Ilraeter
702 2466 769 2529 eos,
797 2469 882 2542 quos
909 2441 944 2513 in
965 2413 1120 2540 praefati-

30 2590 36 2601 ·
117 2587 188 2636 one
212 2559 362 2632 editionis
380 2557 508 2658 primae
533 2561 780 2634 nominaveram
804 2561 1050 2661 interpretes,
1039 2547 1139 2632 aliosl
1239 2631 1244 2652 ‚

1 2696 2 2704 ’
117 2683 218 2755 etiam
235 2680 327 2754 baud
343 2705 481 2780 pancos,
496 2661 564 2778 «qni
593 2698 704 2754 nostra
733 2698 836 2755 aetate
859 2677 901 2756 de
925 2680 1136 2783 interpreta-'
1163 2673 1172 2745 ‚¹

1 2857 2 2864 ι
38 2895 43 2906 Ι
119 2802 211 2876 tione
223 2803 264 2875 N.
284 2799 464 2899 Tsoptinn
482 2800 850 2888 merentur,'consului:
870 2827 932 2874 nec
951 2819 1063 2874 tamen
1083 2798 1119 2871 in
1205 2809 1211 2820 '

1 2901 2 2914 ἵ
27 2956 44 2976 ·
122 2923 161 3004 iis
176 2918 393 2996 consulendis
422 2919 711 3020 acquiescendum,
733 2920 913 2994 sedetiam
940 2918 1121 2994 sententias
1238 2911 1241 2922 ¹

38 3040 44 3059 '
123 3070 257 3129 eorum,
286 3039 440 3140 inprimis
462 3039 498 3111 in
522 3038 723 3139 explicandis
749 3039 831 3115 locis
857 3039 1121 3127 obscurioribus,
1200 3073 1206 3078 ·

123 3160 378 3249 examinandas,
403 3177 437 3233 et
456 3159 626 3233 interdum
648 3161 690 3234 ab
712 3159 753 3234 iis
782 3148 930 3235 modeste
948 3159 1122 3234 disceden-

124 3285 205 3356 dum
232 3281 310 3355 esse'
330 3281 453 3382 putavi.
523 3279 716 3382 Atqne‘sic,
741 3270 779 3354 ut
804 3280 875 3354 dics
902 3281 991 3354 diem
1014 3280 1121 3367 docet,
1150 3284 1171 3360 ,'
1273 3351 1276 3359 ,

123 3401 283 3504 pleraque
296 3429 371 3475 mea
384 3400 554 3498 castigavi3
575 3428 660 3501 qnae
673 3401 882 3477 emendanda
892 3416 996 3490 erant,
1012 3427 1124 3473 emen-

127 3523 206 3612 dari,
227 3520 413 3622 addidique
434 3547 503 3597 non
523 3547 642 3622 pauca,
667 3548 753 3623 quae
776 3519 819 3595 ad
840 3519 1025 3621 eruendum
1048 3548 1124 3594 sen·
1211 3524 1214 3532 ⁴

126 3673 198 3718 snm
211 3645 395 3719 sorborum
414 3657 446 3714 et
467 3639 680 3724 illustrandas
708 3667 762 3716 res
783 3641 892 3716 facere
913 3640 1121 3716 videbantur.
1180 3727 1184 3742 ,
1205 3637 1212 3651 '

126 3765 198 3840 Hoc
211 3765 256 3840 ita
273 3791 367 3866 esse,
389 3759 484 3835 facile
512 3761 570 3862 qui
585 3760 708 3835 'volunt
727 3779 946 3860 cognoscent,
967 3762 996 3836 si
1010 3761 1124 3863 perlu-
1179 3787 1182 3796 ’

126 3886 299 3960 straverint
322 3880 570 3958 emendationes
596 3900 628 3955 et
651 3871 884 3987 supplementa
905 3873 950 3958 aid
978 3885 1124 3956 Tomum

127 4011 280 4112 primum,
305 4037 393 4112 quae
412 4001 562 4109 proxime
585 4004 724 4094 seorsim
740 4003 829 4108 typis
841 4003 1003 4104 exscripta
1021 3999 1126 4100 prod-

675 4177 684 4212 ,
841 4159 846 4183 ι
1028 4119 1129 4192 ibunt
1193 4179 1195 4184 .
