<?xml version="1.0" encoding="UTF-8"?>
<!DOCTYPE html PUBLIC "-//W3C//DTD XHTML 1.0 Transitional//EN"
    "http://www.w3.org/TR/xhtml1/DTD/xhtml1-transitional.dtd">
<html xmlns="http://www.w3.org/1999/xhtml" xml:lang="en" lang="en">
 <head>
  <title>
</title>
<meta http-equiv="Content-Type" content="text/html;charset=utf-8" />
  <meta name='ocr-system' content='tesseract 3.04.00' />
  <meta name='ocr-capabilities' content='ocr_page ocr_carea ocr_par ocr_line ocrx_word'/>
</head>
<body>
  <div class='ocr_page' id='page_1' title='image "./diogeorgiirosen01rosegoog/diogeorgiirosen01rosegoog_0460.png"; bbox 0 0 2860 4788; ppageno 0'>
   <div class='ocr_carea' id='block_1_1' title="bbox 325 381 908 534">
    <p class='ocr_par' dir='ltr' id='par_1_1' title="bbox 325 381 908 534">
     <span class='ocr_line' id='line_1_1' title="bbox 325 381 908 534; baseline -0.002 -41"><span class='ocrx_word' id='word_1_1' title='bbox 325 429 385 494; x_wconf 79' lang='lat' dir='ltr'><strong><em>css</em></strong></span> <span class='ocrx_word' id='word_1_2' title='bbox 471 513 478 534; x_wconf 34' lang='grc' dir='ltr'><strong><em>Ι</em></strong></span> <span class='ocrx_word' id='word_1_3' title='bbox 643 381 671 419; x_wconf 75' lang='grc'>”</span> <span class='ocrx_word' id='word_1_4' title='bbox 722 425 908 494; x_wconf 77' lang='lat' dir='ltr'><strong><em>sosoma</em></strong></span> 
     </span>
    </p>
   </div>
   <div class='ocr_carea' id='block_1_2' title="bbox 335 600 1325 693">
    <p class='ocr_par' dir='ltr' id='par_1_2' title="bbox 335 571 1325 693">
     <span class='ocr_line' id='line_1_2' title="bbox 335 600 1325 693; baseline 0.004 -23"><span class='ocrx_word' id='word_1_5' title='bbox 335 643 338 651; x_wconf 95' lang='lat'>·</span> <span class='ocrx_word' id='word_1_6' title='bbox 442 615 489 672; x_wconf 72' lang='lat'><strong><em>59·</em></strong></span> <span class='ocrx_word' id='word_1_7' title='bbox 534 600 702 692; x_wconf 66' lang='lat' dir='ltr'><strong><em>&#39;tiaran</em></strong></span> <span class='ocrx_word' id='word_1_8' title='bbox 739 641 780 658; x_wconf 88' lang='lat'>-</span> <span class='ocrx_word' id='word_1_9' title='bbox 817 609 926 692; x_wconf 79' lang='grc' dir='ltr'>ἐμοῦ)</span> <span class='ocrx_word' id='word_1_10' title='bbox 978 607 1170 693; x_wconf 69' lang='lat' dir='ltr'><strong><em>Diligenter</em></strong></span> <span class='ocrx_word' id='word_1_11' title='bbox 1213 612 1325 693; x_wconf 76' lang='lat' dir='ltr'><strong><em>tegitis</em></strong></span> 
     </span>
    </p>
   </div>
   <div class='ocr_carea' id='block_1_3' title="bbox 198 715 1325 806">
    <p class='ocr_par' dir='ltr' id='par_1_3' title="bbox 198 715 1325 806">
     <span class='ocr_line' id='line_1_3' title="bbox 198 715 1325 806; baseline 0.008 -33"><span class='ocrx_word' id='word_1_12' title='bbox 198 715 205 720; x_wconf 84' lang='grc'><em>“</em></span> <span class='ocrx_word' id='word_1_13' title='bbox 323 729 441 774; x_wconf 71' lang='lat' dir='ltr'><strong><em>samos</em></strong></span> <span class='ocrx_word' id='word_1_14' title='bbox 460 715 581 788; x_wconf 84' lang='lat' dir='ltr'><strong><em>libras,</em></strong></span> <span class='ocrx_word' id='word_1_15' title='bbox 605 717 696 806; x_wconf 81' lang='lat' dir='ltr'><strong><em>quod</em></strong></span> <span class='ocrx_word' id='word_1_16' title='bbox 716 723 867 794; x_wconf 86' lang='lat' dir='ltr'><strong><em>censetis,</em></strong></span> <span class='ocrx_word' id='word_1_17' title='bbox 891 739 952 782; x_wconf 85' lang='lat' dir='ltr'><strong><em>uos</em></strong></span> <span class='ocrx_word' id='word_1_18' title='bbox 972 735 1092 782; x_wconf 87' lang='lat' dir='ltr'><strong><em>eorum</em></strong></span> <span class='ocrx_word' id='word_1_19' title='bbox 1106 724 1325 783; x_wconf 86' lang='lat' dir='ltr'><strong><em>institutione</em></strong></span> 
     </span>
    </p>
   </div>
   <div class='ocr_carea' id='block_1_4' title="bbox 233 815 1407 3211">
    <p class='ocr_par' dir='ltr' id='par_1_4' title="bbox 233 815 1407 3211">
     <span class='ocr_line' id='line_1_4' title="bbox 287 815 1323 907; baseline 0.008 -26"><span class='ocrx_word' id='word_1_20' title='bbox 287 893 289 904; x_wconf 36' lang='grc' dir='ltr'>Ι</span> <span class='ocrx_word' id='word_1_21' title='bbox 323 823 370 882; x_wconf 82' lang='lat' dir='ltr'><strong><em>ad</em></strong></span> <span class='ocrx_word' id='word_1_22' title='bbox 386 819 585 902; x_wconf 79' lang='lat' dir='ltr'><strong><em>felicitatem·</em></strong></span> <span class='ocrx_word' id='word_1_23' title='bbox 597 815 822 904; x_wconf 77' lang='lat' dir='ltr'><strong><em>peruenturus</em></strong></span> <span class='ocrx_word' id='word_1_24' title='bbox 840 849 928 907; x_wconf 86' lang='lat' dir='ltr'><strong><em>esse,·</em></strong></span> <span class='ocrx_word' id='word_1_25' title='bbox 948 833 1020 891; x_wconf 90' lang='lat' dir='ltr'><strong><em>iam</em></strong></span> <span class='ocrx_word' id='word_1_26' title='bbox 1038 850 1119 892; x_wconf 87' lang='lat' dir='ltr'><strong><em>uero</em></strong></span> <span class='ocrx_word' id='word_1_27' title='bbox 1139 833 1187 892; x_wconf 83' lang='lat' dir='ltr'><strong><em>ttts</em></strong></span> <span class='ocrx_word' id='word_1_28' title='bbox 1206 833 1248 892; x_wconf 82' lang='lat' dir='ltr'><strong><em>rie</em></strong></span> <span class='ocrx_word' id='word_1_29' title='bbox 1269 849 1323 890; x_wconf 87' lang='lat' dir='ltr'><strong><em>me</em></strong></span> 
     </span>
     <span class='ocr_line' id='line_1_5' title="bbox 323 930 1322 1021; baseline 0.008 -31"><span class='ocrx_word' id='word_1_30' title='bbox 323 937 505 992; x_wconf 74' lang='lat' dir='ltr'><strong><em>testantur.</em></strong></span> <span class='ocrx_word' id='word_1_31' title='bbox 544 930 675 994; x_wconf 83' lang='lat' dir='ltr'>Plurimi</span> <span class='ocrx_word' id='word_1_32' title='bbox 689 941 875 1021; x_wconf 70' lang='lat' dir='ltr'><strong><em>interpretes</em></strong></span> <span class='ocrx_word' id='word_1_33' title='bbox 892 939 924 998; x_wconf 88' lang='lat' dir='ltr'><strong><em>ia</em></strong></span> <span class='ocrx_word' id='word_1_34' title='bbox 940 941 1141 1019; x_wconf 82' lang='lat' dir='ltr'><strong><em>imperativo</em></strong></span> <span class='ocrx_word' id='word_1_35' title='bbox 1158 938 1322 1021; x_wconf 86' lang='lat' dir='ltr'><strong><em>explicant,</em></strong></span> 
     </span>
     <span class='ocr_line' id='line_1_6' title="bbox 322 1044 1322 1132; baseline 0.011 -33"><span class='ocrx_word' id='word_1_36' title='bbox 322 1051 354 1099; x_wconf 91' lang='lat' dir='ltr'><strong><em>et</em></strong></span> <span class='ocrx_word' id='word_1_37' title='bbox 373 1053 498 1120; x_wconf 88' lang='lat' dir='ltr'><strong><em>putant,</em></strong></span> <span class='ocrx_word' id='word_1_38' title='bbox 519 1044 606 1104; x_wconf 81' lang='lat' dir='ltr'><strong><em>vocis</em></strong></span> <span class='ocrx_word' id='word_1_39' title='bbox 625 1051 751 1132; x_wconf 73' lang='lat' dir='ltr'><strong><em>ipruvqiu</em></strong></span> <span class='ocrx_word' id='word_1_40' title='bbox 770 1069 836 1108; x_wconf 88' lang='lat' dir='ltr'><strong><em>eam</em></strong></span> <span class='ocrx_word' id='word_1_41' title='bbox 862 1048 923 1110; x_wconf 83' lang='lat' dir='ltr'><strong><em>vim</em></strong></span> <span class='ocrx_word' id='word_1_42' title='bbox 946 1062 977 1112; x_wconf 87' lang='lat' dir='ltr'><strong><em>et</em></strong></span> <span class='ocrx_word' id='word_1_43' title='bbox 998 1049 1158 1131; x_wconf 79' lang='lat' dir='ltr'><strong><em>emphasin</em></strong></span> <span class='ocrx_word' id='word_1_44' title='bbox 1180 1069 1267 1123; x_wconf 87' lang='lat' dir='ltr'><strong><em>esse,</em></strong></span> <span class='ocrx_word' id='word_1_45' title='bbox 1286 1061 1322 1110; x_wconf 87' lang='lat' dir='ltr'><strong><em>ut</em></strong></span> 
     </span>
     <span class='ocr_line' id='line_1_7' title="bbox 310 1148 1322 1244; baseline 0.009 -34"><span class='ocrx_word' id='word_1_46' title='bbox 310 1148 466 1240; x_wconf 32' lang='lat' dir='ltr'><strong><em>&#39;denotem</em></strong></span> <span class='ocrx_word' id='word_1_47' title='bbox 490 1157 620 1236; x_wconf 81' lang='lat' dir='ltr'><strong><em>aliquid</em></strong></span> <span class='ocrx_word' id='word_1_48' title='bbox 643 1177 721 1220; x_wconf 86' lang='lat' dir='ltr'><strong><em>cum</em></strong></span> <span class='ocrx_word' id='word_1_49' title='bbox 743 1164 899 1222; x_wconf 83' lang='lat' dir='ltr'><strong><em>maxima</em></strong></span> <span class='ocrx_word' id='word_1_50' title='bbox 914 1157 1065 1244; x_wconf 71' lang='lat' dir='ltr'><strong><em>cistptlirta,</em></strong></span> <span class='ocrx_word' id='word_1_51' title='bbox 1088 1164 1196 1221; x_wconf 89' lang='lat' dir='ltr'><strong><em>animi</em></strong></span> <span class='ocrx_word' id='word_1_52' title='bbox 1211 1167 1322 1220; x_wconf 86' lang='lat' dir='ltr'><strong><em>atten-</em></strong></span> 
     </span>
     <span class='ocr_line' id='line_1_8' title="bbox 233 1264 1321 1348; baseline 0.004 -26"><span class='ocrx_word' id='word_1_53' title='bbox 233 1289 236 1297; x_wconf 56' lang='grc'>’</span> <span class='ocrx_word' id='word_1_54' title='bbox 321 1266 433 1338; x_wconf 85' lang='lat' dir='ltr'><strong><em>tione,</em></strong></span> <span class='ocrx_word' id='word_1_55' title='bbox 461 1271 493 1324; x_wconf 89' lang='lat' dir='ltr'><strong><em>et</em></strong></span> <span class='ocrx_word' id='word_1_56' title='bbox 513 1285 587 1326; x_wconf 83' lang='lat' dir='ltr'><strong><em>cum</em></strong></span> <span class='ocrx_word' id='word_1_57' title='bbox 608 1279 729 1348; x_wconf 83' lang='lat' dir='ltr'><strong><em>magno</em></strong></span> <span class='ocrx_word' id='word_1_58' title='bbox 755 1274 865 1332; x_wconf 85' lang='lat' dir='ltr'><strong><em>animi</em></strong></span> <span class='ocrx_word' id='word_1_59' title='bbox 886 1279 1015 1332; x_wconf 89' lang='lat' dir='ltr'><strong><em>conatu</em></strong></span> <span class='ocrx_word' id='word_1_60' title='bbox 1036 1286 1206 1345; x_wconf 83' lang='lat' dir='ltr'><strong><em>quaerere.</em></strong></span> <span class='ocrx_word' id='word_1_61' title='bbox 1228 1264 1321 1342; x_wconf 61' lang='lat' dir='ltr'><strong><em>58ed</em></strong></span> 
     </span>
     <span class='ocr_line' id='line_1_9' title="bbox 319 1369 1407 1462; baseline 0.007 -31"><span class='ocrx_word' id='word_1_62' title='bbox 319 1369 382 1432; x_wconf 90' lang='lat' dir='ltr'><strong><em>hoo</em></strong></span> <span class='ocrx_word' id='word_1_63' title='bbox 405 1369 514 1433; x_wconf 85' lang='lat' dir='ltr'><strong><em>falsum</em></strong></span> <span class='ocrx_word' id='word_1_64' title='bbox 537 1385 598 1448; x_wconf 68' lang='grc' dir='ltr'><strong><em>θεῖς</em></strong></span> <span class='ocrx_word' id='word_1_65' title='bbox 622 1395 694 1435; x_wconf 86' lang='lat' dir='ltr'><strong><em>uam</em></strong></span> <span class='ocrx_word' id='word_1_66' title='bbox 717 1399 775 1438; x_wconf 82' lang='lat' dir='ltr'><strong><em>vox</em></strong></span> <span class='ocrx_word' id='word_1_67' title='bbox 800 1380 926 1462; x_wconf 73' lang='grc' dir='ltr'><strong><em>ἐρευνᾷν</em></strong></span> <span class='ocrx_word' id='word_1_68' title='bbox 946 1397 1185 1462; x_wconf 82' lang='lat' dir='ltr'><strong><em>quamcunque</em></strong></span> <span class='ocrx_word' id='word_1_69' title='bbox 1205 1381 1318 1456; x_wconf 78' lang='lat' dir='ltr'><strong><em>inqui·</em></strong></span> <span class='ocrx_word' id='word_1_70' title='bbox 1406 1421 1407 1426; x_wconf 20' lang='grc' dir='ltr'>η</span> 
     </span>
     <span class='ocr_line' id='line_1_10' title="bbox 318 1489 1319 1560; baseline 0.006 -14"><span class='ocrx_word' id='word_1_71' title='bbox 318 1489 488 1560; x_wconf 83' lang='lat' dir='ltr'><strong><em>sitionem,</em></strong></span> <span class='ocrx_word' id='word_1_72' title='bbox 521 1490 593 1547; x_wconf 87' lang='lat' dir='ltr'><strong><em>siue</em></strong></span> <span class='ocrx_word' id='word_1_73' title='bbox 613 1491 834 1550; x_wconf 78' lang='lat' dir='ltr'><strong><em>remissiorem</em></strong></span> <span class='ocrx_word' id='word_1_74' title='bbox 858 1491 949 1550; x_wconf 83' lang='lat' dir='ltr'><strong><em>illam</em></strong></span> <span class='ocrx_word' id='word_1_75' title='bbox 967 1493 1038 1552; x_wconf 82' lang='lat' dir='ltr'><strong><em>siue</em></strong></span> <span class='ocrx_word' id='word_1_76' title='bbox 1060 1492 1319 1552; x_wconf 81' lang='lat' dir='ltr'><strong><em>accuratiorem.</em></strong></span> 
     </span>
     <span class='ocr_line' id='line_1_11' title="bbox 319 1591 1377 1682; baseline 0.002 -26"><span class='ocrx_word' id='word_1_77' title='bbox 319 1591 457 1682; x_wconf 72' lang='lat' dir='ltr'><strong><em>denotat.</em></strong></span> <span class='ocrx_word' id='word_1_78' title='bbox 497 1595 551 1658; x_wconf 85' lang='lat' dir='ltr'><strong><em>Sic</em></strong></span> <span class='ocrx_word' id='word_1_79' title='bbox 576 1611 624 1659; x_wconf 90' lang='lat' dir='ltr'><strong><em>est</em></strong></span> <span class='ocrx_word' id='word_1_80' title='bbox 646 1597 729 1680; x_wconf 84' lang='lat' dir='ltr'><strong><em>apati</em></strong></span> <span class='ocrx_word' id='word_1_81' title='bbox 751 1600 972 1676; x_wconf 77' lang='lat' dir='ltr'><strong><em>Iosephum</em></strong></span> <span class='ocrx_word' id='word_1_82' title='bbox 998 1601 1079 1661; x_wconf 84' lang='lat' dir='ltr'><strong><em>Ant.</em></strong></span> <span class='ocrx_word' id='word_1_83' title='bbox 1101 1597 1145 1670; x_wconf 70' lang='lat' dir='ltr'><strong><em>ll,</em></strong></span> <span class='ocrx_word' id='word_1_84' title='bbox 1167 1609 1196 1669; x_wconf 78' lang='grc'><strong><em>6,</em></strong></span> <span class='ocrx_word' id='word_1_85' title='bbox 1217 1609 1246 1664; x_wconf 78' lang='lat' dir='ltr'><strong><em>t.</em></strong></span> <span class='ocrx_word' id='word_1_86' title='bbox 1277 1597 1318 1658; x_wconf 80' lang='lat' dir='ltr'><strong><em>tle</em></strong></span> <span class='ocrx_word' id='word_1_87' title='bbox 1371 1656 1377 1666; x_wconf 77' lang='grc'><strong>,</strong></span> 
     </span>
     <span class='ocr_line' id='line_1_12' title="bbox 318 1704 1317 1791; baseline 0.004 -23"><span class='ocrx_word' id='word_1_88' title='bbox 318 1705 437 1788; x_wconf 84' lang='lat' dir='ltr'><strong><em>scypho</em></strong></span> <span class='ocrx_word' id='word_1_89' title='bbox 464 1705 606 1791; x_wconf 82' lang='lat' dir='ltr'><strong><em>losephi,</em></strong></span> <span class='ocrx_word' id='word_1_90' title='bbox 641 1707 674 1769; x_wconf 91' lang='lat' dir='ltr'><strong><em>in</em></strong></span> <span class='ocrx_word' id='word_1_91' title='bbox 697 1707 826 1768; x_wconf 77' lang='lat' dir='ltr'><strong><em>sarcinis</em></strong></span> <span class='ocrx_word' id='word_1_92' title='bbox 854 1704 985 1768; x_wconf 87' lang='lat' dir='ltr'><strong><em>fratrum</em></strong></span> <span class='ocrx_word' id='word_1_93' title='bbox 1015 1705 1098 1769; x_wconf 89' lang='lat' dir='ltr'><strong><em>illius</em></strong></span> <span class='ocrx_word' id='word_1_94' title='bbox 1125 1707 1317 1788; x_wconf 87' lang='lat' dir='ltr'><strong><em>quaerendo.</em></strong></span> 
     </span>
     <span class='ocr_line' id='line_1_13' title="bbox 316 1789 1319 1900; baseline 0 -22"><span class='ocrx_word' id='word_1_95' title='bbox 316 1817 422 1899; x_wconf 87' lang='lat' dir='ltr'><strong><em>ltaque</em></strong></span> <span class='ocrx_word' id='word_1_96' title='bbox 440 1812 637 1900; x_wconf 73' lang='lat' dir='ltr'><strong><em>Scriptores,</em></strong></span> <span class='ocrx_word' id='word_1_97' title='bbox 657 1815 793 1877; x_wconf 86' lang='lat' dir='ltr'><strong><em>studium</em></strong></span> <span class='ocrx_word' id='word_1_98' title='bbox 813 1815 994 1899; x_wconf 85' lang='lat' dir='ltr'><strong><em>inquirendi</em></strong></span> <span class='ocrx_word' id='word_1_99' title='bbox 1012 1816 1117 1900; x_wconf 89' lang='lat' dir='ltr'><strong><em>paullo</em></strong></span> <span class='ocrx_word' id='word_1_100' title='bbox 1138 1789 1319 1879; x_wconf 74' lang='lat' dir='ltr'><strong><em>accuratius</em></strong></span> 
     </span>
     <span class='ocr_line' id='line_1_14' title="bbox 316 1903 1315 2010; baseline -0.002 -20"><span class='ocrx_word' id='word_1_101' title='bbox 316 1927 503 2010; x_wconf 76' lang='lat' dir='ltr'><strong><em>expressuri,</em></strong></span> <span class='ocrx_word' id='word_1_102' title='bbox 526 1925 646 1986; x_wconf 87' lang='lat' dir='ltr'><strong><em>adiecta</em></strong></span> <span class='ocrx_word' id='word_1_103' title='bbox 667 1927 768 2010; x_wconf 88' lang='lat' dir='ltr'><strong><em>aliqua</em></strong></span> <span class='ocrx_word' id='word_1_104' title='bbox 784 1947 861 1988; x_wconf 81' lang='lat' dir='ltr'><strong><em>voce</em></strong></span> <span class='ocrx_word' id='word_1_105' title='bbox 879 1926 1075 1991; x_wconf 82' lang='lat' dir='ltr'><strong><em>id-indicaut.</em></strong></span> <span class='ocrx_word' id='word_1_106' title='bbox 1115 1903 1167 1987; x_wconf 82' lang='lat' dir='ltr'><strong><em>Sic</em></strong></span> <span class='ocrx_word' id='word_1_107' title='bbox 1187 1928 1315 1988; x_wconf 84' lang='lat' dir='ltr'><strong><em>Pltilo</em></strong></span> 
     </span>
     <span class='ocr_line' id='line_1_15' title="bbox 315 2031 1315 2118; baseline -0.006 -18"><span class='ocrx_word' id='word_1_108' title='bbox 315 2041 358 2100; x_wconf 81' lang='lat' dir='ltr'><strong><em>de</em></strong></span> <span class='ocrx_word' id='word_1_109' title='bbox 384 2039 512 2098; x_wconf 85' lang='lat' dir='ltr'><strong><em>Muntli</em></strong></span> <span class='ocrx_word' id='word_1_110' title='bbox 544 2031 635 2118; x_wconf 84' lang='lat' dir='ltr'><strong><em>Opif.</em></strong></span> <span class='ocrx_word' id='word_1_111' title='bbox 669 2043 779 2118; x_wconf 81' lang='lat' dir='ltr'><strong><em>p.-1l.</em></strong></span> <span class='ocrx_word' id='word_1_112' title='bbox 810 2037 848 2096; x_wconf 89' lang='lat' dir='ltr'><strong><em>de</em></strong></span> <span class='ocrx_word' id='word_1_113' title='bbox 876 2047 1002 2098; x_wconf 87' lang='lat' dir='ltr'><strong><em>naturae</em></strong></span> <span class='ocrx_word' id='word_1_114' title='bbox 1028 2035 1315 2118; x_wconf 73' lang='lat' dir='ltr'><strong><em>perscrutatoribus</em></strong></span> 
     </span>
     <span class='ocr_line' id='line_1_16' title="bbox 314 2139 1315 2232; baseline -0.004 -23"><span class='ocrx_word' id='word_1_115' title='bbox 314 2145 421 2232; x_wconf 85' lang='lat' dir='ltr'><strong><em>paullo</em></strong></span> <span class='ocrx_word' id='word_1_116' title='bbox 448 2143 721 2232; x_wconf 66' lang='lat' dir='ltr'><strong><em>diligentioribus:</em></strong></span> <span class='ocrx_word' id='word_1_117' title='bbox 756 2149 787 2208; x_wconf 84' lang='lat' dir='ltr'><strong><em>oi</em></strong></span> <span class='ocrx_word' id='word_1_118' title='bbox 805 2141 862 2216; x_wconf 77' lang='lat' dir='ltr'><strong><em>rtis</em></strong></span> <span class='ocrx_word' id='word_1_119' title='bbox 887 2139 995 2224; x_wconf 70' lang='grc' dir='ltr'><strong><em>φύσεις</em></strong></span> <span class='ocrx_word' id='word_1_120' title='bbox 1030 2148 1090 2208; x_wconf 71' lang='grc' dir='ltr'><strong><em>τῶν</em></strong></span> <span class='ocrx_word' id='word_1_121' title='bbox 1121 2141 1315 2228; x_wconf 63' lang='grc' dir='ltr'><strong><em>τρημάτων</em></strong></span> 
     </span>
     <span class='ocr_line' id='line_1_17' title="bbox 271 2249 1314 2344; baseline -0.012 -20"><span class='ocrx_word' id='word_1_122' title='bbox 271 2293 293 2340; x_wconf 76' lang='lat'><strong><em>&#39;.</em></strong></span> <span class='ocrx_word' id='word_1_123' title='bbox 313 2257 600 2344; x_wconf 71' lang='lat' dir='ltr'><strong><em>siuptlls‘arspov</em></strong></span> <span class='ocrx_word' id='word_1_124' title='bbox 622 2253 809 2340; x_wconf 70' lang='grc' dir='ltr'><strong><em>ἐρευνῶντες.</em></strong></span> <span class='ocrx_word' id='word_1_125' title='bbox 846 2253 901 2314; x_wconf 88' lang='lat' dir='ltr'><strong><em>De</em></strong></span> <span class='ocrx_word' id='word_1_126' title='bbox 919 2249 1043 2334; x_wconf 75' lang='lat' dir='ltr'><strong><em>Sacrif-</em></strong></span> <span class='ocrx_word' id='word_1_127' title='bbox 1065 2253 1151 2314; x_wconf 78' lang='lat' dir='ltr'><strong><em>eata</em></strong></span> <span class='ocrx_word' id='word_1_128' title='bbox 1173 2259 1205 2316; x_wconf 86' lang='lat' dir='ltr'><strong><em>et</em></strong></span> <span class='ocrx_word' id='word_1_129' title='bbox 1218 2253 1314 2314; x_wconf 84' lang='lat' dir='ltr'><strong><em>Abel.</em></strong></span> 
     </span>
     <span class='ocr_line' id='line_1_18' title="bbox 312 2360 1314 2455; baseline -0.014 -22"><span class='ocrx_word' id='word_1_130' title='bbox 312 2371 438 2454; x_wconf 69' lang='lat' dir='ltr'><strong><em>ipocrisis</em></strong></span> <span class='ocrx_word' id='word_1_131' title='bbox 458 2362 557 2444; x_wconf 76' lang='lat' dir='ltr'><strong><em>uersi</em></strong></span> <span class='ocrx_word' id='word_1_132' title='bbox 576 2360 701 2455; x_wconf 60' lang='lat' dir='ltr'><strong><em>niens</em></strong></span> <span class='ocrx_word' id='word_1_133' title='bbox 721 2360 938 2444; x_wconf 71' lang='grc' dir='ltr'><strong><em>αἱκριβιίας.</em></strong></span> <span class='ocrx_word' id='word_1_134' title='bbox 979 2363 1195 2424; x_wconf 70' lang='lat' dir='ltr'><strong><em>indicativus</em></strong></span> <span class='ocrx_word' id='word_1_135' title='bbox 1213 2361 1314 2422; x_wconf 88' lang='lat' dir='ltr'><strong><em>omni-</em></strong></span> 
     </span>
     <span class='ocr_line' id='line_1_19' title="bbox 311 2467 1314 2562; baseline -0.01 -20"><span class='ocrx_word' id='word_1_136' title='bbox 311 2501 354 2542; x_wconf 84' lang='lat' dir='ltr'><strong><em>no</em></strong></span> <span class='ocrx_word' id='word_1_137' title='bbox 373 2473 598 2562; x_wconf 83' lang='lat' dir='ltr'><strong><em>intelligendus</em></strong></span> <span class='ocrx_word' id='word_1_138' title='bbox 627 2485 674 2534; x_wconf 88' lang='lat' dir='ltr'><strong><em>est</em></strong></span> <span class='ocrx_word' id='word_1_139' title='bbox 701 2491 739 2530; x_wconf 88' lang='lat' dir='ltr'><strong><em>ex</em></strong></span> <span class='ocrx_word' id='word_1_140' title='bbox 766 2469 914 2531; x_wconf 83' lang='lat' dir='ltr'><strong><em>cretionis</em></strong></span> <span class='ocrx_word' id='word_1_141' title='bbox 939 2471 1006 2552; x_wconf 90' lang='lat' dir='ltr'><strong><em>ipsa</em></strong></span> <span class='ocrx_word' id='word_1_142' title='bbox 1030 2467 1131 2535; x_wconf 81' lang='lat' dir='ltr'><strong><em>serie:</em></strong></span> <span class='ocrx_word' id='word_1_143' title='bbox 1164 2473 1314 2532; x_wconf 78' lang='lat' dir='ltr'><strong><em>Multum</em></strong></span> 
     </span>
     <span class='ocr_line' id='line_1_20' title="bbox 313 2581 1311 2675; baseline -0.012 -25"><span class='ocrx_word' id='word_1_144' title='bbox 313 2591 443 2675; x_wconf 79' lang='lat' dir='ltr'><strong><em>puidam</em></strong></span> <span class='ocrx_word' id='word_1_145' title='bbox 462 2587 567 2648; x_wconf 84' lang='lat' dir='ltr'><strong><em>stutlt&#39;t‘</em></strong></span> <span class='ocrx_word' id='word_1_146' title='bbox 588 2587 624 2644; x_wconf 87' lang='lat' dir='ltr'><strong><em>in</em></strong></span> <span class='ocrx_word' id='word_1_147' title='bbox 648 2583 841 2660; x_wconf 86' lang='lat' dir='ltr'><strong><em>Scripturas</em></strong></span> <span class='ocrx_word' id='word_1_148' title='bbox 866 2581 904 2642; x_wconf 85' lang='lat' dir='ltr'><strong><em>V.</em></strong></span> <span class='ocrx_word' id='word_1_149' title='bbox 928 2581 964 2639; x_wconf 90' lang='grc' dir='ltr'><strong><em>Τ.</em></strong></span> <span class='ocrx_word' id='word_1_150' title='bbox 987 2581 1152 2642; x_wconf 88' lang='lat' dir='ltr'><strong><em>collocare</em></strong></span> <span class='ocrx_word' id='word_1_151' title='bbox 1167 2581 1311 2642; x_wconf 83' lang='lat' dir='ltr'><strong><em>videmi.</em></strong></span> 
     </span>
     <span class='ocr_line' id='line_1_21' title="bbox 310 2677 1312 2775; baseline -0.01 -18"><span class='ocrx_word' id='word_1_152' title='bbox 310 2677 359 2762; x_wconf 74' lang='lat' dir='ltr'><strong><em>ni.</em></strong></span> <span class='ocrx_word' id='word_1_153' title='bbox 392 2695 581 2775; x_wconf 83' lang='lat' dir='ltr'><strong><em>Neutiquam</em></strong></span> <span class='ocrx_word' id='word_1_154' title='bbox 596 2679 739 2752; x_wconf 88' lang='lat' dir='ltr'><strong><em>Christus</em></strong></span> <span class='ocrx_word' id='word_1_155' title='bbox 752 2687 954 2772; x_wconf 85' lang='lat' dir='ltr'><strong><em>reprehendit</em></strong></span> <span class='ocrx_word' id='word_1_156' title='bbox 974 2687 1140 2748; x_wconf 88' lang='lat' dir='ltr'><strong><em>lectionem</em></strong></span> <span class='ocrx_word' id='word_1_157' title='bbox 1152 2687 1312 2756; x_wconf 79' lang='lat' dir='ltr'><strong><em>librorum</em></strong></span> 
     </span>
     <span class='ocr_line' id='line_1_22' title="bbox 310 2795 1311 2886; baseline 0.001 -22"><span class='ocrx_word' id='word_1_158' title='bbox 310 2805 351 2868; x_wconf 88' lang='lat' dir='ltr'><strong><em>V.</em></strong></span> <span class='ocrx_word' id='word_1_159' title='bbox 366 2805 420 2878; x_wconf 86' lang='lat' dir='ltr'><strong><em>T.,</em></strong></span> <span class='ocrx_word' id='word_1_160' title='bbox 443 2822 545 2883; x_wconf 88' lang='lat' dir='ltr'><strong><em>neque</em></strong></span> <span class='ocrx_word' id='word_1_161' title='bbox 567 2821 604 2860; x_wconf 87' lang='lat' dir='ltr'><strong><em>ex</em></strong></span> <span class='ocrx_word' id='word_1_162' title='bbox 623 2801 661 2859; x_wconf 88' lang='lat' dir='ltr'><strong><em>iis</em></strong></span> <span class='ocrx_word' id='word_1_163' title='bbox 681 2799 855 2861; x_wconf 86' lang='lat' dir='ltr'><strong><em>doctrinam</em></strong></span> <span class='ocrx_word' id='word_1_164' title='bbox 868 2795 1055 2886; x_wconf 79' lang='lat' dir='ltr'><strong><em>salutiferam</em></strong></span> <span class='ocrx_word' id='word_1_165' title='bbox 1076 2797 1194 2858; x_wconf 87' lang='lat' dir='ltr'><strong><em>hauriri</em></strong></span> <span class='ocrx_word' id='word_1_166' title='bbox 1213 2823 1311 2882; x_wconf 89' lang='lat' dir='ltr'><strong><em>posse</em></strong></span> 
     </span>
     <span class='ocr_line' id='line_1_23' title="bbox 308 2897 1311 2998; baseline -0.001 -22"><span class='ocrx_word' id='word_1_167' title='bbox 308 2897 422 2998; x_wconf 79' lang='lat' dir='ltr'><strong><em>negat,</em></strong></span> <span class='ocrx_word' id='word_1_168' title='bbox 469 2911 525 2974; x_wconf 89' lang='lat' dir='ltr'><strong><em>sed</em></strong></span> <span class='ocrx_word' id='word_1_169' title='bbox 563 2909 719 2992; x_wconf 81' lang='lat' dir='ltr'><strong><em>vituperat</em></strong></span> <span class='ocrx_word' id='word_1_170' title='bbox 752 2921 876 2971; x_wconf 85' lang='lat' dir='ltr'><strong><em>tantum·</em></strong></span> <span class='ocrx_word' id='word_1_171' title='bbox 910 2900 999 2968; x_wconf 88' lang='lat' dir='ltr'><strong><em>falsas</em></strong></span> <span class='ocrx_word' id='word_1_172' title='bbox 1032 2905 1311 2990; x_wconf 80' lang='lat' dir='ltr'><strong><em>interpretationes</em></strong></span> 
     </span>
     <span class='ocr_line' id='line_1_24' title="bbox 247 3017 1309 3106; baseline -0.008 -17"><span class='ocrx_word' id='word_1_173' title='bbox 247 3103 249 3106; x_wconf 22' lang='grc' dir='ltr'>Ι</span> <span class='ocrx_word' id='word_1_174' title='bbox 306 3023 562 3101; x_wconf 77' lang='lat' dir='ltr'><strong><em>Pharisaeorum,</em></strong></span> <span class='ocrx_word' id='word_1_175' title='bbox 595 3019 650 3102; x_wconf 89' lang='lat' dir='ltr'><strong><em>qui</em></strong></span> <span class='ocrx_word' id='word_1_176' title='bbox 678 3019 860 3081; x_wconf 87' lang='lat' dir='ltr'><strong><em>auctoritate</em></strong></span> <span class='ocrx_word' id='word_1_177' title='bbox 888 3019 940 3092; x_wconf 81' lang='lat' dir='ltr'><strong><em>illa</em></strong></span> <span class='ocrx_word' id='word_1_178' title='bbox 965 3017 1122 3079; x_wconf 83' lang='lat' dir='ltr'><strong><em>librorum¹</em></strong></span> <span class='ocrx_word' id='word_1_179' title='bbox 1143 3037 1309 3081; x_wconf 87' lang='lat' dir='ltr'><strong><em>sacrorum</em></strong></span> 
     </span>
     <span class='ocr_line' id='line_1_25' title="bbox 306 3125 1309 3211; baseline -0.003 -16"><span class='ocrx_word' id='word_1_180' title='bbox 306 3131 530 3205; x_wconf 72' lang='lat' dir='ltr'><strong><em>abutebantur,</em></strong></span> <span class='ocrx_word' id='word_1_181' title='bbox 565 3131 604 3192; x_wconf 87' lang='lat' dir='ltr'><strong><em>ad</em></strong></span> <span class='ocrx_word' id='word_1_182' title='bbox 638 3125 867 3211; x_wconf 87' lang='lat' dir='ltr'><strong><em>impediendam</em></strong></span> <span class='ocrx_word' id='word_1_183' title='bbox 894 3127 1056 3188; x_wconf 84' lang='lat' dir='ltr'><strong><em>liberalem</em></strong></span> <span class='ocrx_word' id='word_1_184' title='bbox 1088 3139 1119 3186; x_wconf 84' lang='lat' dir='ltr'><strong><em>ot</em></strong></span> <span class='ocrx_word' id='word_1_185' title='bbox 1147 3127 1309 3192; x_wconf 80' lang='lat' dir='ltr'><strong><em>salubrem</em></strong></span> 
     </span>
    </p>
   </div>
   <div class='ocr_carea' id='block_1_5' title="bbox 97 3225 1309 3325">
    <p class='ocr_par' dir='ltr' id='par_1_5' title="bbox 97 3225 1309 3325">
     <span class='ocr_line' id='line_1_26' title="bbox 97 3225 1309 3325; baseline -0.008 -18"><span class='ocrx_word' id='word_1_186' title='bbox 97 3225 100 3232; x_wconf 33' lang='grc' dir='ltr'>Ι</span> <span class='ocrx_word' id='word_1_187' title='bbox 183 3245 196 3270; x_wconf 83' lang='lat'><strong><em>‘</em></strong></span> <span class='ocrx_word' id='word_1_188' title='bbox 306 3241 520 3325; x_wconf 78' lang='lat' dir='ltr'><strong><em>coguitionem</em></strong></span> <span class='ocrx_word' id='word_1_189' title='bbox 548 3239 610 3300; x_wconf 89' lang='lat' dir='ltr'><strong><em>Dei</em></strong></span> <span class='ocrx_word' id='word_1_190' title='bbox 641 3253 673 3300; x_wconf 88' lang='lat' dir='ltr'><strong><em>et</em></strong></span> <span class='ocrx_word' id='word_1_191' title='bbox 700 3259 790 3319; x_wconf 83' lang='lat' dir='ltr'><strong><em>verae</em></strong></span> <span class='ocrx_word' id='word_1_192' title='bbox 819 3236 942 3310; x_wconf 86' lang='lat' dir='ltr'><strong><em>salutis,</em></strong></span> <span class='ocrx_word' id='word_1_193' title='bbox 981 3250 1011 3298; x_wconf 87' lang='lat' dir='ltr'><strong><em>et</em></strong></span> <span class='ocrx_word' id='word_1_194' title='bbox 1037 3237 1199 3309; x_wconf 86' lang='lat' dir='ltr'><strong><em>dicebant,</em></strong></span> <span class='ocrx_word' id='word_1_195' title='bbox 1240 3259 1309 3300; x_wconf 89' lang='lat' dir='ltr'><strong><em>non</em></strong></span> 
     </span>
    </p>
   </div>
   <div class='ocr_carea' id='block_1_6' title="bbox 284 3322 1375 4196">
    <p class='ocr_par' dir='ltr' id='par_1_6' title="bbox 284 3322 1375 4092">
     <span class='ocr_line' id='line_1_27' title="bbox 303 3322 1308 3426; baseline -0.008 -12"><span class='ocrx_word' id='word_1_196' title='bbox 303 3351 448 3416; x_wconf 82' lang='lat' dir='ltr'><strong><em>homines</em></strong></span> <span class='ocrx_word' id='word_1_197' title='bbox 474 3349 605 3424; x_wconf 89' lang='lat' dir='ltr'><strong><em>doctos,</em></strong></span> <span class='ocrx_word' id='word_1_198' title='bbox 640 3346 695 3409; x_wconf 88' lang='lat' dir='ltr'><strong><em>ssd</em></strong></span> <span class='ocrx_word' id='word_1_199' title='bbox 715 3343 872 3408; x_wconf 85' lang='lat' dir='ltr'><strong><em>infelicem</em></strong></span> <span class='ocrx_word' id='word_1_200' title='bbox 902 3344 1112 3407; x_wconf 82' lang='lat' dir='ltr'><strong><em>tantummodo</em></strong></span> <span class='ocrx_word' id='word_1_201' title='bbox 1137 3322 1308 3426; x_wconf 74' lang='lat' dir='ltr'><strong><em>populum,</em></strong></span> 
     </span>
     <span class='ocr_line' id='line_1_28' title="bbox 284 3449 1375 3546; baseline -0.007 -23"><span class='ocrx_word' id='word_1_202' title='bbox 284 3463 359 3546; x_wconf 49' lang='lat' dir='ltr'><strong><em>*qui</em></strong></span> <span class='ocrx_word' id='word_1_203' title='bbox 387 3481 451 3524; x_wconf 89' lang='lat' dir='ltr'><strong><em>non</em></strong></span> <span class='ocrx_word' id='word_1_204' title='bbox 477 3455 615 3538; x_wconf 65' lang='grc' dir='ltr'><strong><em>γινώσκει</em></strong></span> <span class='ocrx_word' id='word_1_205' title='bbox 644 3453 696 3521; x_wconf 82' lang='lat' dir='ltr'><strong><em>riu</em></strong></span> <span class='ocrx_word' id='word_1_206' title='bbox 722 3451 830 3535; x_wconf 71' lang='grc' dir='ltr'><strong><em>νόμον,</em></strong></span> <span class='ocrx_word' id='word_1_207' title='bbox 863 3476 901 3516; x_wconf 91' lang='lat' dir='ltr'><strong><em>eo</em></strong></span> <span class='ocrx_word' id='word_1_208' title='bbox 927 3455 1007 3531; x_wconf 88' lang='lat' dir='ltr'><strong><em>labi,</em></strong></span> <span class='ocrx_word' id='word_1_209' title='bbox 1039 3469 1072 3516; x_wconf 91' lang='lat' dir='ltr'><strong><em>ut</em></strong></span> <span class='ocrx_word' id='word_1_210' title='bbox 1091 3453 1211 3516; x_wconf 83' lang='lat' dir='ltr'><strong><em>Christi</em></strong></span> <span class='ocrx_word' id='word_1_211' title='bbox 1239 3477 1308 3518; x_wconf 86' lang='lat' dir='ltr'><strong><em>ser·</em></strong></span> <span class='ocrx_word' id='word_1_212' title='bbox 1369 3449 1375 3460; x_wconf 77' lang='grc'><strong>’</strong></span> 
     </span>
     <span class='ocr_line' id='line_1_29' title="bbox 302 3561 1307 3656; baseline -0.019 -21"><span class='ocrx_word' id='word_1_213' title='bbox 302 3573 448 3635; x_wconf 85' lang='lat' dir='ltr'><strong><em>monibus</em></strong></span> <span class='ocrx_word' id='word_1_214' title='bbox 473 3588 580 3631; x_wconf 85' lang='lat' dir='ltr'><strong><em>aurem</em></strong></span> <span class='ocrx_word' id='word_1_215' title='bbox 607 3564 763 3650; x_wconf 71' lang='lat' dir='ltr'><strong><em>praebeat.</em></strong></span> <span class='ocrx_word' id='word_1_216' title='bbox 805 3563 851 3627; x_wconf 87' lang='lat' dir='ltr'><strong><em>lo.</em></strong></span> <span class='ocrx_word' id='word_1_217' title='bbox 878 3565 954 3638; x_wconf 89' lang='lat' dir='ltr'><strong><em>Vll,</em></strong></span> <span class='ocrx_word' id='word_1_218' title='bbox 989 3571 1038 3634; x_wconf 81' lang='lat' dir='ltr'><strong><em>l9.</em></strong></span> <span class='ocrx_word' id='word_1_219' title='bbox 1079 3561 1125 3656; x_wconf 77' lang='lat' dir='ltr'><strong><em>irs</em></strong></span> <span class='ocrx_word' id='word_1_220' title='bbox 1154 3563 1307 3642; x_wconf 57' lang='grc' dir='ltr'><em>ὑμεῖς’...</em></span> 
     </span>
     <span class='ocr_line' id='line_1_30' title="bbox 302 3670 1305 3768; baseline -0.008 -23"><span class='ocrx_word' id='word_1_221' title='bbox 302 3674 381 3768; x_wconf 67' lang='lat' dir='ltr'><strong><em>&lt;urio</em></strong></span> <span class='ocrx_word' id='word_1_222' title='bbox 406 3676 521 3744; x_wconf 75' lang='lat' dir='ltr'><strong><em>alsium</em></strong></span> <span class='ocrx_word' id='word_1_223' title='bbox 544 3679 646 3758; x_wconf 76' lang='grc' dir='ltr'>ἔχειν)</span> <span class='ocrx_word' id='word_1_224' title='bbox 675 3677 697 3740; x_wconf 88' lang='lat' dir='ltr'><strong><em>i.</em></strong></span> <span class='ocrx_word' id='word_1_225' title='bbox 725 3695 751 3736; x_wconf 90' lang='lat' dir='ltr'><strong><em>e.</em></strong></span> <span class='ocrx_word' id='word_1_226' title='bbox 799 3673 881 3760; x_wconf 80' lang='lat' dir='ltr'><strong><em>Quia</em></strong></span> <span class='ocrx_word' id='word_1_227' title='bbox 907 3675 1021 3756; x_wconf 90' lang='lat' dir='ltr'><strong><em>putatis</em></strong></span> <span class='ocrx_word' id='word_1_228' title='bbox 1046 3675 1078 3732; x_wconf 91' lang='lat' dir='ltr'><strong><em>in</em></strong></span> <span class='ocrx_word' id='word_1_229' title='bbox 1103 3670 1167 3730; x_wconf 86' lang='lat' dir='ltr'><strong><em>illis</em></strong></span> <span class='ocrx_word' id='word_1_230' title='bbox 1195 3687 1305 3738; x_wconf 82' lang='lat' dir='ltr'><strong><em>extare</em></strong></span> 
     </span>
     <span class='ocr_line' id='line_1_31' title="bbox 301 3777 1304 3874; baseline -0.005 -25"><span class='ocrx_word' id='word_1_231' title='bbox 301 3777 542 3874; x_wconf 75' lang='lat' dir='ltr'><strong><em>promissionem</em></strong></span> <span class='ocrx_word' id='word_1_232' title='bbox 571 3786 713 3858; x_wconf 86' lang='lat' dir='ltr'><strong><em>maioris,</em></strong></span> <span class='ocrx_word' id='word_1_233' title='bbox 752 3805 831 3866; x_wconf 88' lang='lat' dir='ltr'><strong><em>quae</em></strong></span> <span class='ocrx_word' id='word_1_234' title='bbox 862 3785 952 3847; x_wconf 86' lang='lat' dir='ltr'><strong><em>vobis</em></strong></span> <span class='ocrx_word' id='word_1_235' title='bbox 979 3783 1089 3854; x_wconf 86' lang='lat' dir='ltr'><strong><em>instet,</em></strong></span> <span class='ocrx_word' id='word_1_236' title='bbox 1122 3778 1304 3859; x_wconf 84' lang='lat' dir='ltr'><strong><em>felicitatis,</em></strong></span> 
     </span>
     <span class='ocr_line' id='line_1_32' title="bbox 300 3889 1308 3980; baseline -0.005 -19"><span class='ocrx_word' id='word_1_237' title='bbox 300 3899 389 3962; x_wconf 87' lang='lat' dir='ltr'><strong><em>ouius</em></strong></span> <span class='ocrx_word' id='word_1_238' title='bbox 409 3897 496 3960; x_wconf 89' lang='lat' dir='ltr'><strong><em>Deus</em></strong></span> <span class='ocrx_word' id='word_1_239' title='bbox 521 3917 579 3980; x_wconf 87' lang='lat' dir='ltr'><strong><em>per</em></strong></span> <span class='ocrx_word' id='word_1_240' title='bbox 601 3896 750 3958; x_wconf 77' lang='lat' dir='ltr'><strong><em>Messium</em></strong></span> <span class='ocrx_word' id='word_1_241' title='bbox 780 3907 888 3956; x_wconf 87' lang='lat' dir='ltr'><strong><em>auctor</em></strong></span> <span class='ocrx_word' id='word_1_242' title='bbox 916 3889 1037 3952; x_wconf 89' lang='lat' dir='ltr'><strong><em>futurus</em></strong></span> <span class='ocrx_word' id='word_1_243' title='bbox 1058 3890 1113 3962; x_wconf 87' lang='lat' dir='ltr'><strong><em>sit;</em></strong></span> <span class='ocrx_word' id='word_1_244' title='bbox 1146 3906 1308 3956; x_wconf 69' lang='lat' dir='ltr'><strong><em>monstra«</em></strong></span> 
     </span>
     <span class='ocr_line' id='line_1_33' title="bbox 299 3998 1303 4092; baseline -0.014 -20"><span class='ocrx_word' id='word_1_245' title='bbox 299 4007 329 4072; x_wconf 87' lang='lat' dir='ltr'><strong><em>ri</em></strong></span> <span class='ocrx_word' id='word_1_246' title='bbox 357 4009 391 4074; x_wconf 88' lang='lat' dir='ltr'><strong><em>in</em></strong></span> <span class='ocrx_word' id='word_1_247' title='bbox 419 4005 483 4070; x_wconf 90' lang='lat' dir='ltr'><strong><em>illis</em></strong></span> <span class='ocrx_word' id='word_1_248' title='bbox 511 4006 592 4069; x_wconf 81' lang='lat' dir='ltr'><strong><em>viam</em></strong></span> <span class='ocrx_word' id='word_1_249' title='bbox 624 4007 664 4069; x_wconf 87' lang='lat' dir='ltr'><strong><em>ad</em></strong></span> <span class='ocrx_word' id='word_1_250' title='bbox 700 4017 884 4090; x_wconf 83' lang='lat' dir='ltr'><strong><em>perpetuam</em></strong></span> <span class='ocrx_word' id='word_1_251' title='bbox 913 3998 1102 4062; x_wconf 82' lang='lat' dir='ltr'><strong><em>felicitatem.</em></strong></span> <span class='ocrx_word' id='word_1_252' title='bbox 1158 4001 1200 4071; x_wconf 84' lang='grc' dir='ltr'>Ἡ</span> <span class='ocrx_word' id='word_1_253' title='bbox 1238 4003 1303 4092; x_wconf 63' lang='grc' dir='ltr'><strong><em>ζωη</em></strong></span> 
     </span>
    </p>

    <p class='ocr_par' dir='ltr' id='par_1_7' title="bbox 1181 4109 1366 4196">
     <span class='ocr_line' id='line_1_34' title="bbox 1181 4109 1366 4196; baseline 0.016 -21"><span class='ocrx_word' id='word_1_254' title='bbox 1181 4109 1300 4178; x_wconf 74' lang='lat' dir='ltr'><strong><em>alcisso-</em></strong></span> <span class='ocrx_word' id='word_1_255' title='bbox 1359 4171 1366 4196; x_wconf 74' lang='grc'><em>,</em></span> 
     </span>
    </p>
   </div>
   <div class='ocr_carea' id='block_1_7' title="bbox 1208 4213 1215 4222">
    <p class='ocr_par' dir='ltr' id='par_1_8' title="bbox 1208 4213 1215 4222">
     <span class='ocr_line' id='line_1_35' title="bbox 1208 4213 1215 4222; baseline 0 0"><span class='ocrx_word' id='word_1_256' title='bbox 1208 4213 1215 4222; x_wconf 62' lang='grc' dir='ltr'>ι</span> 
     </span>
    </p>
   </div>
   <div class='ocr_carea' id='block_1_8' title="bbox 0 0 1434 4788">
    <p class='ocr_par' dir='ltr' id='par_1_9' title="bbox 0 0 1434 4788">
     <span class='ocr_line' id='line_1_36' title="bbox 0 0 1434 4788; baseline 0 8"><span class='ocrx_word' id='word_1_257' title='bbox 0 0 1434 4788; x_wconf 95' lang='lat' dir='ltr'><strong><em> </em></strong></span> 
     </span>
    </p>
   </div>
  </div>
 </body>
</html>
