2698 4788
561 184 567 200 ⁶
684 179 706 226 l

199 483 226 554 ,a
464 412 942 562 ιιιιιιιιιιο.

120 765 125 774 .
200 603 399 802 pariendum
415 665 564 766 pandere
579 657 789 758 viderentur,
815 698 937 772 easque
966 673 1001 744 in
1028 669 1090 748 hac
1112 703 1197 749 nova

200 767 345 895 editione
361 784 431 860 suis
446 784 554 865 locis
544 788 679 862 inserui.
741 787 845 888 Quod
866 809 978 866 tamen
1002 821 1072 867 nou
1086 795 1132 870 ita
1146 795 1198 868 in-'

199 906 304 1005 telligi
336 904 453 994 uelim,
490 933 530 980 ac
561 906 653 980 siin
686 907 907 1000 'l'auberianis
950 914 1195 1026 acquievissem.
1247 1011 1251 1024 ι

121 1043 123 1052 ’
201 1029 348 1102 Omnem
373 1025 485 1125 potius
519 1024 577 1126 qui
609 1027 654 1100 ad
679 1055 798 1104 manus
824 1029 889 1105 suit
923 1027 1088 1107 librorum
1122 1059 1197 1108 exe·
1259 1059 1264 1066 ·

199 1149 383 1247 geticorum
410 1161 444 1218 et
469 1147 786 1223 commentationum
821 1149 864 1224 ad
890 1150 1044 1249 exegesin
1079 1154 1120 1228 N.
1156 1155 1194 1226 Τ.

169 1317 172 1324 ,
198 1265 418 1370 spectantium
442 1281 638 1366 apparatum
663 1269 850 1344 coversari
874 1271 1029 1360 consilio,
1053 1289 1092 1344 ut
1116 1261 1195 1346 iride

198 1386 357 1489 aliquid
346 1413 383 1459 ιιι
406 1411 499 1474 oreos
523 1385 738 1462 transferrem
753 1360 908 1478 forulos,
931 1391 979 1464 sic
1001 1409 1131 1480 tamen,
1157 1408 1196 1466 ut

88 1601 91 1618 1
117 1491 122 1515 ”
195 1530 329 1608 semper
347 1503 478 1580 consilii
492 1506 559 1580 mei
576 1533 715 1597 memor,
734 1508 885 1585 brevitati
899 1509 1077 1586 studerem.

199 1628 204 1647 ‘
263 1625 687 1728 lugenueproless‘ussum,
697 1629 869 1729 quidmihi
879 1631 913 1704 in
922 1631 1068 1706 Tauberi
1080 1631 1194 1707 labore
1248 1727 1251 1732 Ι
1321 1703 1341 1724 ,ι

196 1747 404 1824 laudandum
421 1773 492 1820 esse
507 1747 674 1837 ridentum
693 1749 863 1826 iamliccat
876 1750 959 1826 milui
969 1751 1066 1826 etiam
1074 1753 1194 1840 dicere,

195 1868 278 1973 quid
294 1866 475 1970 displiceat.
500 1867 648 1942 Maxime
665 1866 818 1986 displipet
833 1869 907 1959 hoe,
922 1872 1015 1970 quod
1031 1873 1196 1947 omniaita
1318 1850 1334 1968 l,

193 1991 283 2066 inter
294 2011 330 2067 se
339 1987 479 2062 confusa
494 2003 614 2060 suntet
627 1987 739 2076 mixto,
757 2005 796 2062 ut
810 1991 1105 2064 nemodisceruere
1116 2019 1195 2092 pos·
1300 2011 1303 2016 ·
1333 1998 1339 2023 “

194 2113 249 2201 sit,
265 2110 350 2212 quid
359 2109 402 2184 sit
419 2133 542 2196 mcum,
554 2103 637 2207 quid
650 2107 804 2184 Tauberi.
821 2109 925 2184 'Ferri
938 2127 1078 2210 poterat,
1094 2112 1123 2184 si
1132 2111 1195 2184 Vir
1323 2099 1327 2124 ¹

82 2315 85 2322 ,
194 2233 313 2308 doctus
326 2227 378 2304 vel
396 2223 583 2302 addifiones
602 2255 680 2301 suas
697 2230 792 2303 uncis
817 2227 962 2307 inclusas
980 2229 1193 2318 exhibuisset,

193 2351 245 2428 vel
263 2349 329 2428 alio
344 2351 442 2450 siguo
457 2346 653 2438 iudicasset,
681 2348 765 2450 quid
781 2349 823 2422 de
838 2375 902 2424 suo
917 2349 1082 2436 adiecerit.
1117 2351 1194 2424 Hoc
1285 2434 1288 2451 Ι
1331 2412 1334 2422 ,

194 2491 305 2550 autern
327 2501 396 2568 pon
419 2469 505 2544 secit.
565 2467 698 2544 Deinde
721 2469 818 2544 etiem
844 2470 1119 2572 reprehendenda
1144 2488 1194 2544 est
1254 2501 1258 2520 ·

192 2593 259 2668 stili
273 2591 476 2690 negligentia
490 2605 528 2662 et
541 2587 795 2676 inconcinnitas,
809 2617 895 2692 quae
911 2615 1010 2692 saepe
1026 2609 1117 2673 tanta
1128 2607 1192 2676 est,
1294 2631 1297 2638 ·

193 2714 298 2788 utrix
320 2709 460 2808 intelligi
482 2709 606 2810 possit,
631 2707 714 2810 quid
738 2709 803 2783 sibi
835 2708 912 2786 velit
936 2727 1066 2800 auctor,
1091 2728 1191 2810 atque

191 2835 273 2909 haec
293 2829 501 2929 intelligendi
523 2827 703 2902 difficultas
730 2846 874 2927 augetur
897 2829 1067 2905 erroribus
1091 2847 1192 2934 typo-

192 2953 371 3055 graphicis,
390 2951 514 3052 quibus
531 2966 621 3024 totus
638 2947 724 3024 liber
737 2965 848 3025 scatet.
900 2951 952 3026 Ne
967 2951 1049 3023 Viro
1064 2967 1191 3024 cetero·

192 3059 275 3178 quin
290 3073 389 3148 docto
400 3071 556 3146 iniuriam
570 3070 677 3144 facere
693 3069 815 3158 videar,
832 3070 931 3144 unico
949 3069 1065 3144 saltem
1079 3093 1190 3178 exem-

164 3260 167 3268 .
190 3193 248 3298 plo
265 3194 311 3284 id,
328 3191 421 3294 quod
439 3191 517 3280 dixi,
535 3217 649 3264 verum
665 3215 737 3264 esse
752 3188 967 3263 confirmabo.
982 3229 984 3238 ·
1003 3188 1190 3268 Adurunt.-

126 3353 133 3374 ι
190 3291 706 3403 Iv‚tt.'ubidenae1i0niacis
726 3309 857 3408 agitur,
886 3309 1035 3416 dixeram
1064 3313 1111 3412 (p.
1129 3311 1187 3384 61.
1239 3301 1255 3398 ¹,
1339 3327 1347 3346 ¹

190 3436 266 3534 62.)
286 3434 329 3509 de
345 3433 397 3522 iis,
424 3431 482 3532 qui
499 3431 591 3505 hune
616 3429 727 3504 locunt
750 3446 945 3520 tractarunt,
967 3413 1068 3531 atque
1093 3430 1189 3505 finie-
1219 3435 1226 3449 '
1327 3505 1335 3516 ,

190 3584 262 3630 ram
284 3555 337 3628 his
360 3552 489 3629 verbis:
525 3551 734 3626 Contrarium
756 3549 952 3654 seutentiam
975 3578 1052 3625 cum
1074 3551 1201 3650 mpltis·
1276 3575 1282 3591 '
1341 3569 1347 3612 ’·

189 3675 262 3750 aliis
281 3673 431 3771 defepdit
448 3669 515 3746 Cel.
543 3672 691 3748 Hessius
704 3670 739 3742 in
755 3669 862 3745 libro:
895 3671 1008 3746 Ueber
1023 3671 1081 3746 die
1096 3671 1187 3745 Leh-

189 3823 261 3881 ren,
293 3792 427 3868 Thalen
450 3791 529 3866 und
551 3789 754 3866 Scht‘ctsale
777 3817 900 3864 unsers
921 3795 1049 3865 Herm.
1102 3791 1186 3864 Sect.

78 3925 81 3932 ’
187 3915 222 3990 8.
276 3911 647 3998 Hioverorouberus,
668 3906 811 3986 laudatis
829 3905 944 3986 multis
961 3908 1187 4012 aliis,qu1de

189 4034 306 4110 eadem
329 4061 366 4108 rc
394 4032 643 4122 disseruerunt,
669 4059 739 4106 uuo
761 4049 888 4122 tenore,
912 4047 952 4106 ut
977 4059 1076 4106 nemo
1103 4029 1188 4104 scire

1083 4151 1191 4252 possit
