<?xml version="1.0" encoding="UTF-8"?>
<!DOCTYPE html PUBLIC "-//W3C//DTD XHTML 1.0 Transitional//EN"
    "http://www.w3.org/TR/xhtml1/DTD/xhtml1-transitional.dtd">
<html xmlns="http://www.w3.org/1999/xhtml" xml:lang="en" lang="en">
 <head>
  <title>
</title>
<meta http-equiv="Content-Type" content="text/html;charset=utf-8" />
  <meta name='ocr-system' content='tesseract 3.04.00' />
  <meta name='ocr-capabilities' content='ocr_page ocr_carea ocr_par ocr_line ocrx_word'/>
</head>
<body>
  <div class='ocr_page' id='page_1' title='image "./diogeorgiirosen01rosegoog/diogeorgiirosen01rosegoog_0646.png"; bbox 0 0 2848 4776; ppageno 0'>
   <div class='ocr_carea' id='block_1_1' title="bbox 242 91 292 138">
    <p class='ocr_par' dir='ltr' id='par_1_1' title="bbox 242 91 292 138">
     <span class='ocr_line' id='line_1_1' title="bbox 242 91 292 138; baseline 0 0"><span class='ocrx_word' id='word_1_1' title='bbox 242 105 246 112; x_wconf 86' lang='grc'><strong><em>’</em></strong></span> <span class='ocrx_word' id='word_1_2' title='bbox 276 91 292 138; x_wconf 77' lang='lat' dir='ltr'>t</span> 
     </span>
    </p>
   </div>
   <div class='ocr_carea' id='block_1_2' title="bbox 290 331 871 456">
    <p class='ocr_par' dir='ltr' id='par_1_2' title="bbox 290 331 871 456">
     <span class='ocr_line' id='line_1_2' title="bbox 290 331 871 456; baseline -0.002 -1"><span class='ocrx_word' id='word_1_3' title='bbox 290 393 349 456; x_wconf 78' lang='grc' dir='ltr'>ιιι</span> <span class='ocrx_word' id='word_1_4' title='bbox 682 331 871 454; x_wconf 76' lang='lat' dir='ltr'>acnotaa</span> 
     </span>
    </p>
   </div>
   <div class='ocr_carea' id='block_1_3' title="bbox 283 543 1295 1082">
    <p class='ocr_par' dir='ltr' id='par_1_3' title="bbox 283 543 1295 1082">
     <span class='ocr_line' id='line_1_3' title="bbox 289 543 1293 658; baseline -0.003 -32"><span class='ocrx_word' id='word_1_5' title='bbox 289 559 444 646; x_wconf 73' lang='lat' dir='ltr'>pendeant</span> <span class='ocrx_word' id='word_1_6' title='bbox 463 559 618 636; x_wconf 84' lang='lat' dir='ltr'>Genitiri,</span> <span class='ocrx_word' id='word_1_7' title='bbox 650 573 736 644; x_wconf 76' lang='lat' dir='ltr'>putot</span> <span class='ocrx_word' id='word_1_8' title='bbox 762 543 907 626; x_wconf 67' lang='lat' dir='ltr'>ex&#39;lacia</span> <span class='ocrx_word' id='word_1_9' title='bbox 932 561 1112 628; x_wconf 81' lang='lat' dir='ltr'>Wetotonio</span> <span class='ocrx_word' id='word_1_10' title='bbox 1143 559 1293 658; x_wconf 68' lang='lat' dir='ltr'>laudatio.</span> 
     </span>
     <span class='ocr_line' id='line_1_4' title="bbox 283 664 1294 762; baseline -0.002 -22"><span class='ocrx_word' id='word_1_11' title='bbox 283 664 408 740; x_wconf 75' lang='grc' dir='ltr'><strong>Ἦλθιν</strong></span> <span class='ocrx_word' id='word_1_12' title='bbox 428 679 471 746; x_wconf 80' lang='lat' dir='ltr'>ale</span> <span class='ocrx_word' id='word_1_13' title='bbox 490 673 671 753; x_wconf 68' lang='grc' dir='ltr'>Βηθανίαν)</span> <span class='ocrx_word' id='word_1_14' title='bbox 701 670 751 732; x_wconf 84' lang='lat' dir='ltr'>Ex</span> <span class='ocrx_word' id='word_1_15' title='bbox 775 669 829 734; x_wconf 86' lang='lat' dir='ltr'>illa</span> <span class='ocrx_word' id='word_1_16' title='bbox 849 671 1018 736; x_wconf 68' lang='lat' dir='ltr'>solitudine</span> <span class='ocrx_word' id='word_1_17' title='bbox 1038 693 1094 736; x_wconf 85' lang='lat' dir='ltr'>aua</span> <span class='ocrx_word' id='word_1_18' title='bbox 1113 672 1147 734; x_wconf 87' lang='lat' dir='ltr'>in</span> <span class='ocrx_word' id='word_1_19' title='bbox 1168 672 1294 762; x_wconf 79' lang='lat' dir='ltr'>oppido</span> 
     </span>
     <span class='ocr_line' id='line_1_5' title="bbox 284 779 1295 869; baseline 0.002 -25"><span class='ocrx_word' id='word_1_20' title='bbox 284 779 455 864; x_wconf 73' lang='lat' dir='ltr'>‘Ephracm</span> <span class='ocrx_word' id='word_1_21' title='bbox 496 781 569 846; x_wconf 87' lang='lat' dir='ltr'>Non</span> <span class='ocrx_word' id='word_1_22' title='bbox 590 781 691 842; x_wconf 83' lang='lat' dir='ltr'>atatim</span> <span class='ocrx_word' id='word_1_23' title='bbox 712 781 940 864; x_wconf 80' lang='lat' dir='ltr'>Hieroaolyma·</span> <span class='ocrx_word' id='word_1_24' title='bbox 958 782 1123 869; x_wconf 80' lang='lat' dir='ltr'>ingrcuna</span> <span class='ocrx_word' id='word_1_25' title='bbox 1144 795 1211 859; x_wconf 84' lang='lat' dir='ltr'>cat,</span> <span class='ocrx_word' id='word_1_26' title='bbox 1234 783 1295 846; x_wconf 73' lang='lat' dir='ltr'>ont</span> 
     </span>
     <span class='ocr_line' id='line_1_6' title="bbox 288 890 1295 976; baseline 0.004 -24"><span class='ocrx_word' id='word_1_27' title='bbox 288 891 330 952; x_wconf 88' lang='lat' dir='ltr'>ob</span> <span class='ocrx_word' id='word_1_28' title='bbox 350 890 477 954; x_wconf 76' lang='lat' dir='ltr'>incidiae</span> <span class='ocrx_word' id='word_1_29' title='bbox 499 890 681 952; x_wconf 75' lang='lat' dir='ltr'>ludaeorum</span> <span class='ocrx_word' id='word_1_30' title='bbox 701 911 759 971; x_wconf 82' lang='lat' dir='ltr'>pcr</span> <span class='ocrx_word' id='word_1_31' title='bbox 779 890 847 954; x_wconf 80' lang='lat' dir='ltr'>dieo</span> <span class='ocrx_word' id='word_1_32' title='bbox 863 892 981 975; x_wconf 82' lang='lat' dir='ltr'>aliquot</span> <span class='ocrx_word' id='word_1_33' title='bbox 1000 893 1089 956; x_wconf 82' lang='lat' dir='ltr'>latuit</span> <span class='ocrx_word' id='word_1_34' title='bbox 1110 893 1196 976; x_wconf 78' lang='lat' dir='ltr'>epod</span> <span class='ocrx_word' id='word_1_35' title='bbox 1214 893 1295 956; x_wconf 83' lang='lat' dir='ltr'>ami·</span> 
     </span>
     <span class='ocr_line' id='line_1_7' title="bbox 288 997 1028 1082; baseline 0.004 -19"><span class='ocrx_word' id='word_1_36' title='bbox 288 1019 353 1064; x_wconf 84' lang='lat' dir='ltr'>cot.</span> <span class='ocrx_word' id='word_1_37' title='bbox 394 999 433 1066; x_wconf 80' lang='lat' dir='ltr'>‘O</span> <span class='ocrx_word' id='word_1_38' title='bbox 453 997 629 1080; x_wconf 64' lang='grc' dir='ltr'><em>τεθνηκώς,</em></span> <span class='ocrx_word' id='word_1_39' title='bbox 651 1007 708 1080; x_wconf 83' lang='lat' dir='ltr'>qui</span> <span class='ocrx_word' id='word_1_40' title='bbox 729 1011 881 1064; x_wconf 82' lang='lat' dir='ltr'>mortuus</span> <span class='ocrx_word' id='word_1_41' title='bbox 895 997 1028 1082; x_wconf 82' lang='lat' dir='ltr'>fuerat.</span> 
     </span>
    </p>
   </div>
   <div class='ocr_carea' id='block_1_4' title="bbox 286 1162 1294 1363">
    <p class='ocr_par' dir='ltr' id='par_1_4' title="bbox 286 1162 1294 1357">
     <span class='ocr_line' id='line_1_8' title="bbox 367 1162 1294 1256; baseline -0.003 -18"><span class='ocrx_word' id='word_1_42' title='bbox 367 1185 396 1238; x_wconf 80' lang='lat'>2·</span> <span class='ocrx_word' id='word_1_43' title='bbox 436 1169 527 1235; x_wconf 84' lang='grc' dir='ltr'><em>ἸΕπο</em></span> <span class='ocrx_word' id='word_1_44' title='bbox 514 1180 599 1252; x_wconf 71' lang='lat' dir='ltr'>(pron</span> <span class='ocrx_word' id='word_1_45' title='bbox 620 1162 672 1234; x_wconf 78' lang='grc' dir='ltr'>οὖν</span> <span class='ocrx_word' id='word_1_46' title='bbox 692 1169 777 1256; x_wconf 67' lang='lat' dir='ltr'>artent</span> <span class='ocrx_word' id='word_1_47' title='bbox 796 1173 846 1236; x_wconf 69' lang='grc' dir='ltr'>δεῖ</span> <span class='ocrx_word' id='word_1_48' title='bbox 844 1195 913 1234; x_wconf 70' lang='lat' dir='ltr'>roan</span> <span class='ocrx_word' id='word_1_49' title='bbox 932 1177 999 1236; x_wconf 77' lang='grc' dir='ltr'>ἐκεῖ</span> <span class='ocrx_word' id='word_1_50' title='bbox 1004 1177 1021 1250; x_wconf 89' lang='grc'>)</span> <span class='ocrx_word' id='word_1_51' title='bbox 1042 1174 1096 1233; x_wconf 78' lang='lat' dir='ltr'>Iar·</span> <span class='ocrx_word' id='word_1_52' title='bbox 1114 1175 1294 1236; x_wconf 73' lang='lat' dir='ltr'>instruxe-</span> 
     </span>
     <span class='ocr_line' id='line_1_9' title="bbox 286 1277 1291 1363; baseline 0.002 -21"><span class='ocrx_word' id='word_1_53' title='bbox 286 1287 370 1342; x_wconf 85' lang='lat' dir='ltr'>runt</span> <span class='ocrx_word' id='word_1_54' title='bbox 397 1287 427 1341; x_wconf 74' lang='grc' dir='ltr'>εἰ</span> <span class='ocrx_word' id='word_1_55' title='bbox 451 1282 597 1357; x_wconf 83' lang='lat' dir='ltr'>epulum.</span> <span class='ocrx_word' id='word_1_56' title='bbox 647 1277 753 1363; x_wconf 71' lang='grc' dir='ltr'><em>Αὐτῷ,</em></span> <span class='ocrx_word' id='word_1_57' title='bbox 780 1279 815 1340; x_wconf 91' lang='lat' dir='ltr'>in</span> <span class='ocrx_word' id='word_1_58' title='bbox 842 1278 909 1340; x_wconf 82' lang='lat' dir='ltr'>eine</span> <span class='ocrx_word' id='word_1_59' title='bbox 934 1278 1096 1342; x_wconf 83' lang='lat' dir='ltr'>honoram.</span> <span class='ocrx_word' id='word_1_60' title='bbox 1147 1277 1291 1344; x_wconf 84' lang='lat' dir='ltr'>Coenam</span> 
     </span>
    </p>
   </div>
   <div class='ocr_carea' id='block_1_5' title="bbox 285 1383 1383 1466">
    <p class='ocr_par' dir='ltr' id='par_1_5' title="bbox 285 1383 1383 1466">
     <span class='ocr_line' id='line_1_10' title="bbox 285 1383 1383 1466; baseline 0.005 -16"><span class='ocrx_word' id='word_1_61' title='bbox 285 1389 376 1450; x_wconf 89' lang='lat' dir='ltr'>iatam</span> <span class='ocrx_word' id='word_1_62' title='bbox 399 1387 499 1450; x_wconf 86' lang='lat' dir='ltr'>datam</span> <span class='ocrx_word' id='word_1_63' title='bbox 531 1405 598 1448; x_wconf 86' lang='lat' dir='ltr'>eaac</span> <span class='ocrx_word' id='word_1_64' title='bbox 626 1387 855 1450; x_wconf 82' lang='lat' dir='ltr'>Matthacnec.</span> <span class='ocrx_word' id='word_1_65' title='bbox 883 1389 1013 1466; x_wconf 89' lang='lat' dir='ltr'>XXVI,</span> <span class='ocrx_word' id='word_1_66' title='bbox 1038 1394 1068 1451; x_wconf 87' lang='grc'>6.</span> <span class='ocrx_word' id='word_1_67' title='bbox 1099 1402 1131 1450; x_wconf 82' lang='lat' dir='ltr'>ct</span> <span class='ocrx_word' id='word_1_68' title='bbox 1156 1389 1292 1454; x_wconf 75' lang='lat' dir='ltr'>Marone</span> <span class='ocrx_word' id='word_1_69' title='bbox 1373 1383 1383 1400; x_wconf 61' lang='lat'>⁸</span> 
     </span>
    </p>
   </div>
   <div class='ocr_carea' id='block_1_6' title="bbox 283 1495 1293 1692">
    <p class='ocr_par' dir='ltr' id='par_1_6' title="bbox 283 1495 1293 1692">
     <span class='ocr_line' id='line_1_11' title="bbox 283 1495 1293 1582; baseline -0.001 -24"><span class='ocrx_word' id='word_1_70' title='bbox 283 1495 372 1573; x_wconf 83' lang='lat' dir='ltr'>xlv,</span> <span class='ocrx_word' id='word_1_71' title='bbox 396 1511 423 1563; x_wconf 99' lang='lat'>5</span> <span class='ocrx_word' id='word_1_72' title='bbox 444 1497 614 1580; x_wconf 73' lang='lat' dir='ltr'><strong>scripsere,</strong></span> <span class='ocrx_word' id='word_1_73' title='bbox 635 1498 668 1558; x_wconf 89' lang='lat' dir='ltr'>in</span> <span class='ocrx_word' id='word_1_74' title='bbox 689 1500 783 1563; x_wconf 87' lang='lat' dir='ltr'>domo</span> <span class='ocrx_word' id='word_1_75' title='bbox 801 1497 936 1562; x_wconf 77' lang='lat' dir='ltr'>Santouta</span> <span class='ocrx_word' id='word_1_76' title='bbox 955 1497 1092 1580; x_wconf 86' lang='lat' dir='ltr'>leproai,</span> <span class='ocrx_word' id='word_1_77' title='bbox 1113 1521 1208 1582; x_wconf 86' lang='lat' dir='ltr'>quem</span> <span class='ocrx_word' id='word_1_78' title='bbox 1231 1503 1293 1573; x_wconf 84' lang='lat' dir='ltr'>ali.</span> 
     </span>
     <span class='ocr_line' id='line_1_12' title="bbox 284 1597 1292 1692; baseline 0.007 -27"><span class='ocrx_word' id='word_1_79' title='bbox 284 1606 339 1690; x_wconf 80' lang='lat' dir='ltr'>qui</span> <span class='ocrx_word' id='word_1_80' title='bbox 373 1601 468 1682; x_wconf 79' lang='lat' dir='ltr'>loiaoc</span> <span class='ocrx_word' id='word_1_81' title='bbox 507 1608 733 1691; x_wconf 85' lang='lat' dir='ltr'>perhibuerunt</span> <span class='ocrx_word' id='word_1_82' title='bbox 770 1622 889 1692; x_wconf 80' lang='lat' dir='ltr'>petrem</span> <span class='ocrx_word' id='word_1_83' title='bbox 915 1597 1037 1668; x_wconf 76' lang='lat' dir='ltr'>Lactari.¹</span> <span class='ocrx_word' id='word_1_84' title='bbox 1085 1607 1211 1686; x_wconf 86' lang='lat' dir='ltr'>Simon,</span> <span class='ocrx_word' id='word_1_85' title='bbox 1241 1611 1292 1672; x_wconf 90' lang='lat' dir='ltr'>in·</span> 
     </span>
    </p>
   </div>
   <div class='ocr_carea' id='block_1_7' title="bbox 189 1713 1413 2362">
    <p class='ocr_par' dir='ltr' id='par_1_7' title="bbox 189 1713 1413 2362">
     <span class='ocr_line' id='line_1_13' title="bbox 215 1713 1289 1804; baseline 0.006 -29"><span class='ocrx_word' id='word_1_86' title='bbox 215 1745 218 1752; x_wconf 26' lang='grc' dir='ltr'><strong>Δ</strong></span> <span class='ocrx_word' id='word_1_87' title='bbox 284 1715 411 1799; x_wconf 85' lang='lat' dir='ltr'>quiunt,</span> <span class='ocrx_word' id='word_1_88' title='bbox 430 1713 588 1780; x_wconf 82' lang='lat' dir='ltr'>forte‘l&#39;uit</span> <span class='ocrx_word' id='word_1_89' title='bbox 609 1719 760 1804; x_wconf 71' lang='lat' dir='ltr'>magister</span> <span class='ocrx_word' id='word_1_90' title='bbox 780 1717 913 1782; x_wconf 80' lang='lat' dir='ltr'>convivii</span> <span class='ocrx_word' id='word_1_91' title='bbox 940 1719 972 1777; x_wconf 88' lang='lat' dir='ltr'>in</span> <span class='ocrx_word' id='word_1_92' title='bbox 1002 1738 1056 1780; x_wconf 88' lang='lat' dir='ltr'>aua</span> <span class='ocrx_word' id='word_1_93' title='bbox 1087 1719 1198 1794; x_wconf 87' lang='lat' dir='ltr'>domo,</span> <span class='ocrx_word' id='word_1_94' title='bbox 1230 1721 1289 1803; x_wconf 78' lang='lat' dir='ltr'>qui</span> 
     </span>
     <span class='ocr_line' id='line_1_14' title="bbox 189 1824 1288 1916; baseline 0.003 -29"><span class='ocrx_word' id='word_1_95' title='bbox 189 1849 194 1876; x_wconf 75' lang='lat'><em>³</em></span> <span class='ocrx_word' id='word_1_96' title='bbox 283 1825 451 1903; x_wconf 75' lang='lat' dir='ltr'>Lazarum,</span> <span class='ocrx_word' id='word_1_97' title='bbox 487 1827 603 1902; x_wconf 85' lang='lat' dir='ltr'>leaum,</span> <span class='ocrx_word' id='word_1_98' title='bbox 636 1829 774 1916; x_wconf 73' lang='lat' dir='ltr'>aliosque</span> <span class='ocrx_word' id='word_1_99' title='bbox 814 1827 1004 1889; x_wconf 75' lang='lat' dir='ltr'>invitaverat</span> <span class='ocrx_word' id='word_1_100' title='bbox 1062 1824 1126 1889; x_wconf 82' lang='lat' dir='ltr'>Sed</span> <span class='ocrx_word' id='word_1_101' title='bbox 1162 1828 1288 1906; x_wconf 83' lang='lat' dir='ltr'>loanni,</span> 
     </span>
     <span class='ocr_line' id='line_1_15' title="bbox 283 1925 1288 2022; baseline 0.004 -24"><span class='ocrx_word' id='word_1_102' title='bbox 283 1938 400 2022; x_wconf 84' lang='lat' dir='ltr'>quippe</span> <span class='ocrx_word' id='word_1_103' title='bbox 423 1937 493 2000; x_wconf 86' lang='lat' dir='ltr'>teati</span> <span class='ocrx_word' id='word_1_104' title='bbox 515 1937 652 2014; x_wconf 79' lang='lat' dir='ltr'>oculato,</span> <span class='ocrx_word' id='word_1_105' title='bbox 684 1938 774 2000; x_wconf 83' lang='lat' dir='ltr'>otiam</span> <span class='ocrx_word' id='word_1_106' title='bbox 801 1925 833 2006; x_wconf 77' lang='lat' dir='ltr'>in</span> <span class='ocrx_word' id='word_1_107' title='bbox 858 1935 915 1998; x_wconf 85' lang='lat' dir='ltr'>hec</span> <span class='ocrx_word' id='word_1_108' title='bbox 940 1957 973 1997; x_wconf 87' lang='lat' dir='ltr'>re</span> <span class='ocrx_word' id='word_1_109' title='bbox 1006 1939 1107 2001; x_wconf 88' lang='lat' dir='ltr'>moior</span> <span class='ocrx_word' id='word_1_110' title='bbox 1133 1935 1212 2001; x_wconf 73' lang='lat' dir='ltr'>fider</span> <span class='ocrx_word' id='word_1_111' title='bbox 1236 1953 1288 2002; x_wconf 80' lang='lat' dir='ltr'>cet</span> 
     </span>
     <span class='ocr_line' id='line_1_16' title="bbox 237 2047 1290 2133; baseline 0 -22"><span class='ocrx_word' id='word_1_112' title='bbox 237 2103 240 2112; x_wconf 95' lang='grc'><em>,</em></span> <span class='ocrx_word' id='word_1_113' title='bbox 283 2047 444 2122; x_wconf 85' lang='lat' dir='ltr'>habenda,</span> <span class='ocrx_word' id='word_1_114' title='bbox 472 2067 563 2130; x_wconf 83' lang='lat' dir='ltr'>quam</span> <span class='ocrx_word' id='word_1_115' title='bbox 586 2047 699 2107; x_wconf 82' lang='lat' dir='ltr'>ceteria</span> <span class='ocrx_word' id='word_1_116' title='bbox 729 2047 947 2133; x_wconf 77' lang='lat' dir='ltr'>Evangeliatis.</span> <span class='ocrx_word' id='word_1_117' title='bbox 995 2047 1063 2108; x_wconf 87' lang='lat' dir='ltr'>Nec</span> <span class='ocrx_word' id='word_1_118' title='bbox 1089 2047 1290 2130; x_wconf 86' lang='lat' dir='ltr'>improbabi-</span> 
     </span>
     <span class='ocr_line' id='line_1_17' title="bbox 282 2143 1286 2239; baseline 0.005 -21"><span class='ocrx_word' id='word_1_119' title='bbox 282 2157 322 2220; x_wconf 76' lang='lat' dir='ltr'>lis</span> <span class='ocrx_word' id='word_1_120' title='bbox 343 2169 390 2218; x_wconf 86' lang='lat' dir='ltr'>eat</span> <span class='ocrx_word' id='word_1_121' title='bbox 409 2151 555 2219; x_wconf 71' lang='lat' dir='ltr'>Laelii</span> <span class='ocrx_word' id='word_1_122' title='bbox 578 2155 629 2235; x_wconf 84' lang='lat' dir='ltr'>(T.</span> <span class='ocrx_word' id='word_1_123' title='bbox 651 2155 687 2216; x_wconf 90' lang='lat' dir='ltr'>ll.</span> <span class='ocrx_word' id='word_1_124' title='bbox 709 2177 741 2238; x_wconf 88' lang='lat' dir='ltr'><strong>p</strong></span> <span class='ocrx_word' id='word_1_125' title='bbox 763 2161 849 2239; x_wconf 77' lang='lat'>550.)</span> <span class='ocrx_word' id='word_1_126' title='bbox 872 2143 1065 2230; x_wconf 88' lang='lat' dir='ltr'>coniectura,</span> <span class='ocrx_word' id='word_1_127' title='bbox 1086 2157 1141 2236; x_wconf 90' lang='lat' dir='ltr'>qui</span> <span class='ocrx_word' id='word_1_128' title='bbox 1161 2157 1286 2222; x_wconf 77' lang='lat' dir='ltr'>hancce</span> 
     </span>
     <span class='ocr_line' id='line_1_18' title="bbox 282 2255 1413 2362; baseline 0.005 -37"><span class='ocrx_word' id='word_1_129' title='bbox 282 2265 443 2329; x_wconf 86' lang='lat' dir='ltr'>hiatoriam</span> <span class='ocrx_word' id='word_1_130' title='bbox 465 2265 611 2328; x_wconf 80' lang='lat' dir='ltr'>aMotth.</span> <span class='ocrx_word' id='word_1_131' title='bbox 633 2279 664 2327; x_wconf 91' lang='lat' dir='ltr'>et</span> <span class='ocrx_word' id='word_1_132' title='bbox 686 2265 794 2328; x_wconf 80' lang='lat' dir='ltr'>Marco</span> <span class='ocrx_word' id='word_1_133' title='bbox 815 2267 1007 2330; x_wconf 74' lang='lat' dir='ltr'>commixtam</span> <span class='ocrx_word' id='word_1_134' title='bbox 1031 2255 1183 2362; x_wconf 76' lang='lat' dir='ltr'>exiatimal</span> <span class='ocrx_word' id='word_1_135' title='bbox 1210 2289 1287 2330; x_wconf 88' lang='lat' dir='ltr'>cum</span> <span class='ocrx_word' id='word_1_136' title='bbox 1412 2291 1413 2304; x_wconf 59' lang='lat'>¹</span> 
     </span>
    </p>
   </div>
   <div class='ocr_carea' id='block_1_8' title="bbox 193 2369 1351 3329">
    <p class='ocr_par' dir='ltr' id='par_1_8' title="bbox 193 2369 1351 3329">
     <span class='ocr_line' id='line_1_19' title="bbox 282 2369 1285 2458; baseline 0.005 -22"><span class='ocrx_word' id='word_1_137' title='bbox 282 2376 351 2450; x_wconf 86' lang='lat' dir='ltr'>illa,</span> <span class='ocrx_word' id='word_1_138' title='bbox 376 2395 457 2458; x_wconf 80' lang='lat' dir='ltr'>quac</span> <span class='ocrx_word' id='word_1_139' title='bbox 485 2369 560 2438; x_wconf 82' lang='lat' dir='ltr'>L&#39;uc.</span> <span class='ocrx_word' id='word_1_140' title='bbox 588 2369 663 2446; x_wconf 83' lang='lat' dir='ltr'>vlt,</span> <span class='ocrx_word' id='word_1_141' title='bbox 699 2388 746 2442; x_wconf 80' lang='lat'>55.</span> <span class='ocrx_word' id='word_1_142' title='bbox 778 2394 845 2458; x_wconf 86' lang='lat' dir='ltr'>aqq.</span> <span class='ocrx_word' id='word_1_143' title='bbox 887 2388 1153 2438; x_wconf 87' lang='lat' dir='ltr'>commemoratur.</span> <span class='ocrx_word' id='word_1_144' title='bbox 1206 2375 1285 2442; x_wconf 79' lang='lat' dir='ltr'>Sine</span> 
     </span>
     <span class='ocr_line' id='line_1_20' title="bbox 283 2481 1351 2568; baseline 0.004 -22"><span class='ocrx_word' id='word_1_145' title='bbox 283 2484 366 2546; x_wconf 89' lang='lat' dir='ltr'>enim</span> <span class='ocrx_word' id='word_1_146' title='bbox 403 2505 511 2546; x_wconf 88' lang='lat' dir='ltr'>eorum</span> <span class='ocrx_word' id='word_1_147' title='bbox 540 2481 731 2559; x_wconf 63' lang='lat' dir='ltr'>recorderis,</span> <span class='ocrx_word' id='word_1_148' title='bbox 760 2507 839 2568; x_wconf 84' lang='lat' dir='ltr'>quae</span> <span class='ocrx_word' id='word_1_149' title='bbox 866 2485 954 2546; x_wconf 77' lang='lat' dir='ltr'>brevi</span> <span class='ocrx_word' id='word_1_150' title='bbox 980 2497 1052 2545; x_wconf 87' lang='lat' dir='ltr'>ante</span> <span class='ocrx_word' id='word_1_151' title='bbox 1080 2484 1118 2545; x_wconf 84' lang='lat' dir='ltr'>de</span> <span class='ocrx_word' id='word_1_152' title='bbox 1149 2483 1299 2550; x_wconf 86' lang='lat' dir='ltr'>Domini</span> <span class='ocrx_word' id='word_1_153' title='bbox 1341 2513 1351 2536; x_wconf 63' lang='grc' dir='ltr'><strong>ι</strong></span> 
     </span>
     <span class='ocr_line' id='line_1_21' title="bbox 281 2575 1285 2676; baseline 0.005 -22"><span class='ocrx_word' id='word_1_154' title='bbox 281 2584 485 2655; x_wconf 72' lang='lat' dir='ltr'>familiaritate</span> <span class='ocrx_word' id='word_1_155' title='bbox 518 2613 587 2654; x_wconf 89' lang='lat' dir='ltr'>oum</span> <span class='ocrx_word' id='word_1_156' title='bbox 625 2591 744 2655; x_wconf 85' lang='lat' dir='ltr'>Lazaro</span> <span class='ocrx_word' id='word_1_157' title='bbox 788 2594 1111 2676; x_wconf 57' lang='lat' dir='ltr'>eiusquexaororibuo</span> <span class='ocrx_word' id='word_1_158' title='bbox 1147 2575 1285 2659; x_wconf 74' lang='lat' dir='ltr'>loannes</span> 
     </span>
     <span class='ocr_line' id='line_1_22' title="bbox 278 2678 1284 2818; baseline 0.004 -56"><span class='ocrx_word' id='word_1_159' title='bbox 278 2678 516 2778; x_wconf 39' lang='lat' dir='ltr'>narrarit,¹aire</span> <span class='ocrx_word' id='word_1_160' title='bbox 539 2701 693 2762; x_wconf 82' lang='lat' dir='ltr'>Martlrom</span> <span class='ocrx_word' id='word_1_161' title='bbox 716 2707 963 2765; x_wconf 81' lang='lat' dir='ltr'>minr&#39;strnntem</span> <span class='ocrx_word' id='word_1_162' title='bbox 981 2699 1165 2818; x_wconf 69' lang='lat' dir='ltr'>ndspiciop3</span> <span class='ocrx_word' id='word_1_163' title='bbox 1201 2705 1284 2766; x_wconf 90' lang='lat' dir='ltr'>mul·</span> 
     </span>
     <span class='ocr_line' id='line_1_23' title="bbox 214 2810 1286 2900; baseline 0.005 -29"><span class='ocrx_word' id='word_1_164' title='bbox 214 2857 227 2878; x_wconf 54' lang='lat' dir='ltr'><strong><em>s</em></strong></span> <span class='ocrx_word' id='word_1_165' title='bbox 279 2824 311 2872; x_wconf 95' lang='lat' dir='ltr'>to</span> <span class='ocrx_word' id='word_1_166' title='bbox 333 2811 534 2894; x_wconf 42' lang='lat' dir='ltr'>verisimiliual</span> <span class='ocrx_word' id='word_1_167' title='bbox 551 2811 606 2870; x_wconf 91' lang='lat' dir='ltr'>tibi</span> <span class='ocrx_word' id='word_1_168' title='bbox 627 2810 701 2885; x_wconf 88' lang='lat' dir='ltr'>erit,</span> <span class='ocrx_word' id='word_1_169' title='bbox 722 2830 773 2884; x_wconf 86' lang='lat' dir='ltr'>aa,</span> <span class='ocrx_word' id='word_1_170' title='bbox 794 2832 872 2900; x_wconf 85' lang='lat' dir='ltr'>quae</span> <span class='ocrx_word' id='word_1_171' title='bbox 892 2811 943 2872; x_wconf 83' lang='lat' dir='ltr'>lric</span> <span class='ocrx_word' id='word_1_172' title='bbox 962 2825 1143 2887; x_wconf 83' lang='lat' dir='ltr'>narrentur,</span> <span class='ocrx_word' id='word_1_173' title='bbox 1164 2812 1197 2872; x_wconf 89' lang='lat' dir='ltr'>in</span> <span class='ocrx_word' id='word_1_174' title='bbox 1221 2812 1286 2876; x_wconf 83' lang='lat' dir='ltr'>Le-</span> 
     </span>
     <span class='ocr_line' id='line_1_24' title="bbox 193 2915 1284 3004; baseline 0.005 -25"><span class='ocrx_word' id='word_1_175' title='bbox 193 2926 196 2942; x_wconf 89' lang='lat'>&#39;</span> <span class='ocrx_word' id='word_1_176' title='bbox 279 2919 342 2979; x_wconf 84' lang='lat' dir='ltr'>zari</span> <span class='ocrx_word' id='word_1_177' title='bbox 364 2919 456 2980; x_wconf 86' lang='lat' dir='ltr'>domo</span> <span class='ocrx_word' id='word_1_178' title='bbox 477 2916 555 2979; x_wconf 87' lang='lat' dir='ltr'>facta</span> <span class='ocrx_word' id='word_1_179' title='bbox 576 2938 651 2978; x_wconf 87' lang='lat' dir='ltr'>caae.</span> <span class='ocrx_word' id='word_1_180' title='bbox 701 2915 838 2979; x_wconf 86' lang='lat' dir='ltr'>Lazarua</span> <span class='ocrx_word' id='word_1_181' title='bbox 865 2919 897 2982; x_wconf 91' lang='lat' dir='ltr'>in</span> <span class='ocrx_word' id='word_1_182' title='bbox 927 2921 1116 3004; x_wconf 82' lang='lat' dir='ltr'>epulantium</span> <span class='ocrx_word' id='word_1_183' title='bbox 1144 2943 1284 2985; x_wconf 85' lang='lat' dir='ltr'>numero</span> 
     </span>
     <span class='ocr_line' id='line_1_25' title="bbox 278 3023 1284 3109; baseline 0.007 -23"><span class='ocrx_word' id='word_1_184' title='bbox 278 3023 372 3086; x_wconf 85' lang='lat' dir='ltr'>fuiaae</span> <span class='ocrx_word' id='word_1_185' title='bbox 394 3026 540 3101; x_wconf 84' lang='lat' dir='ltr'>traditur,</span> <span class='ocrx_word' id='word_1_186' title='bbox 567 3048 629 3109; x_wconf 88' lang='lat' dir='ltr'>quo</span> <span class='ocrx_word' id='word_1_187' title='bbox 657 3027 771 3088; x_wconf 89' lang='lat' dir='ltr'>ccrtiua</span> <span class='ocrx_word' id='word_1_188' title='bbox 792 3027 829 3088; x_wconf 86' lang='lat' dir='ltr'>dc</span> <span class='ocrx_word' id='word_1_189' title='bbox 849 3029 915 3090; x_wconf 87' lang='lat' dir='ltr'>eiua</span> <span class='ocrx_word' id='word_1_190' title='bbox 940 3029 1175 3090; x_wconf 86' lang='lat' dir='ltr'>reauacitatione</span> <span class='ocrx_word' id='word_1_191' title='bbox 1205 3050 1284 3092; x_wconf 87' lang='lat' dir='ltr'>cou-</span> 
     </span>
     <span class='ocr_line' id='line_1_26' title="bbox 278 3123 1319 3220; baseline 0.007 -25"><span class='ocrx_word' id='word_1_192' title='bbox 278 3148 381 3195; x_wconf 71' lang='lat' dir='ltr'>staret·</span> <span class='ocrx_word' id='word_1_193' title='bbox 423 3123 577 3198; x_wconf 74' lang='grc' dir='ltr'><strong>Διίικινιῖν</strong></span> <span class='ocrx_word' id='word_1_194' title='bbox 596 3149 764 3218; x_wconf 74' lang='lat' dir='ltr'>usurpatur</span> <span class='ocrx_word' id='word_1_195' title='bbox 787 3137 826 3194; x_wconf 84' lang='lat' dir='ltr'>de</span> <span class='ocrx_word' id='word_1_196' title='bbox 851 3136 1013 3216; x_wconf 77' lang='lat' dir='ltr'>omnibus,</span> <span class='ocrx_word' id='word_1_197' title='bbox 1043 3137 1097 3220; x_wconf 84' lang='lat' dir='ltr'>qui</span> <span class='ocrx_word' id='word_1_198' title='bbox 1124 3137 1163 3198; x_wconf 81' lang='lat' dir='ltr'>ad</span> <span class='ocrx_word' id='word_1_199' title='bbox 1192 3161 1283 3202; x_wconf 85' lang='lat' dir='ltr'>men·</span> <span class='ocrx_word' id='word_1_200' title='bbox 1317 3203 1319 3208; x_wconf 82' lang='grc'>,</span> 
     </span>
     <span class='ocr_line' id='line_1_27' title="bbox 278 3225 1281 3329; baseline 0.008 -25"><span class='ocrx_word' id='word_1_201' title='bbox 278 3263 340 3304; x_wconf 84' lang='lat' dir='ltr'>tam</span> <span class='ocrx_word' id='word_1_202' title='bbox 366 3243 556 3315; x_wconf 74' lang='lat' dir='ltr'>ministrant,</span> <span class='ocrx_word' id='word_1_203' title='bbox 585 3257 636 3304; x_wconf 88' lang='lat' dir='ltr'>aut</span> <span class='ocrx_word' id='word_1_204' title='bbox 668 3243 755 3304; x_wconf 80' lang='lat' dir='ltr'>cibos</span> <span class='ocrx_word' id='word_1_205' title='bbox 777 3225 991 3326; x_wconf 70' lang='lat' dir='ltr'>suppeditant,</span> <span class='ocrx_word' id='word_1_206' title='bbox 1021 3259 1072 3306; x_wconf 90' lang='lat' dir='ltr'>aut</span> <span class='ocrx_word' id='word_1_207' title='bbox 1097 3249 1152 3329; x_wconf 86' lang='lat' dir='ltr'>qui</span> <span class='ocrx_word' id='word_1_208' title='bbox 1185 3249 1281 3312; x_wconf 86' lang='lat' dir='ltr'>ciboa</span> 
     </span>
    </p>
   </div>
   <div class='ocr_carea' id='block_1_9' title="bbox 277 3349 1371 3434">
    <p class='ocr_par' dir='ltr' id='par_1_9' title="bbox 277 3349 1371 3434">
     <span class='ocr_line' id='line_1_28' title="bbox 277 3349 1371 3434; baseline 0.01 -22"><span class='ocrx_word' id='word_1_209' title='bbox 277 3365 452 3434; x_wconf 87' lang='lat' dir='ltr'>apponunt,</span> <span class='ocrx_word' id='word_1_210' title='bbox 486 3365 517 3412; x_wconf 91' lang='lat' dir='ltr'>et</span> <span class='ocrx_word' id='word_1_211' title='bbox 543 3349 601 3412; x_wconf 84' lang='lat' dir='ltr'>alia</span> <span class='ocrx_word' id='word_1_212' title='bbox 626 3351 797 3413; x_wconf 79' lang='lat' dir='ltr'>ministeria</span> <span class='ocrx_word' id='word_1_213' title='bbox 818 3367 982 3433; x_wconf 76' lang='lat' dir='ltr'>praestant.</span> <span class='ocrx_word' id='word_1_214' title='bbox 1032 3355 1185 3418; x_wconf 86' lang='lat' dir='ltr'>Mulierea</span> <span class='ocrx_word' id='word_1_215' title='bbox 1212 3381 1281 3422; x_wconf 87' lang='lat' dir='ltr'>non</span> <span class='ocrx_word' id='word_1_216' title='bbox 1369 3395 1371 3400; x_wconf 96' lang='lat'>·</span> 
     </span>
    </p>
   </div>
   <div class='ocr_carea' id='block_1_10' title="bbox 150 3450 1282 3546">
    <p class='ocr_par' dir='ltr' id='par_1_10' title="bbox 150 3450 1282 3546">
     <span class='ocr_line' id='line_1_29' title="bbox 150 3450 1282 3546; baseline 0.007 -22"><span class='ocrx_word' id='word_1_217' title='bbox 150 3516 155 3524; x_wconf 94' lang='lat'>.</span> <span class='ocrx_word' id='word_1_218' title='bbox 275 3459 415 3523; x_wconf 80' lang='lat' dir='ltr'>nolebant</span> <span class='ocrx_word' id='word_1_219' title='bbox 436 3459 637 3546; x_wconf 84' lang='lat' dir='ltr'>epularioum</span> <span class='ocrx_word' id='word_1_220' title='bbox 659 3459 742 3526; x_wconf 82' lang='lat' dir='ltr'>viria.</span> <span class='ocrx_word' id='word_1_221' title='bbox 783 3459 912 3524; x_wconf 78' lang='lat' dir='ltr'>loannes</span> <span class='ocrx_word' id='word_1_222' title='bbox 931 3463 1103 3526; x_wconf 75' lang='lat' dir='ltr'>accuratius</span> <span class='ocrx_word' id='word_1_223' title='bbox 1125 3450 1282 3532; x_wconf 77' lang='lat' dir='ltr'>nonnulla</span> 
     </span>
    </p>
   </div>
   <div class='ocr_carea' id='block_1_11' title="bbox 274 3567 1060 3657">
    <p class='ocr_par' dir='ltr' id='par_1_11' title="bbox 274 3567 1060 3657">
     <span class='ocr_line' id='line_1_30' title="bbox 274 3567 1060 3657; baseline 0.005 -26"><span class='ocrx_word' id='word_1_224' title='bbox 274 3571 439 3651; x_wconf 72' lang='lat' dir='ltr'>exposuit,</span> <span class='ocrx_word' id='word_1_225' title='bbox 461 3591 552 3653; x_wconf 83' lang='lat' dir='ltr'>qnam</span> <span class='ocrx_word' id='word_1_226' title='bbox 572 3567 794 3632; x_wconf 86' lang='lat' dir='ltr'>Matthacuaet</span> <span class='ocrx_word' id='word_1_227' title='bbox 814 3571 949 3634; x_wconf 86' lang='lat' dir='ltr'>Meroua.</span> <span class='ocrx_word' id='word_1_228' title='bbox 1055 3649 1060 3657; x_wconf 25' lang='grc' dir='ltr'><strong><em>ι</em></strong></span> 
     </span>
    </p>
   </div>
   <div class='ocr_carea' id='block_1_12' title="bbox 269 3707 1281 4019">
    <p class='ocr_par' dir='ltr' id='par_1_12' title="bbox 269 3707 1281 4019">
     <span class='ocr_line' id='line_1_31' title="bbox 330 3707 1281 3804; baseline 0.011 -26.248"><span class='ocrx_word' id='word_1_229' title='bbox 330 3721 382 3778; x_wconf 81' lang='lat'>·.3</span> <span class='ocrx_word' id='word_1_230' title='bbox 423 3707 532 3782; x_wconf 81' lang='lat' dir='ltr'>Hoou</span> <span class='ocrx_word' id='word_1_231' title='bbox 554 3719 711 3800; x_wconf 70' lang='lat' dir='ltr'>Mopso-</span> <span class='ocrx_word' id='word_1_232' title='bbox 728 3718 918 3804; x_wconf 71' lang='lat' dir='ltr'>roi&#39;lnoail)</span> <span class='ocrx_word' id='word_1_233' title='bbox 943 3721 1024 3780; x_wconf 81' lang='lat' dir='ltr'>Tum</span> <span class='ocrx_word' id='word_1_234' title='bbox 1034 3721 1281 3796; x_wconf 64' lang='lat' dir='ltr'>Munimentu-</span> 
     </span>
     <span class='ocr_line' id='line_1_32' title="bbox 274 3827 1280 3908; baseline 0.011 -22"><span class='ocrx_word' id='word_1_235' title='bbox 274 3833 311 3886; x_wconf 81' lang='lat' dir='ltr'>tc</span> <span class='ocrx_word' id='word_1_236' title='bbox 330 3827 417 3888; x_wconf 82' lang='lat' dir='ltr'>libro</span> <span class='ocrx_word' id='word_1_237' title='bbox 439 3831 603 3906; x_wconf 84' lang='lat' dir='ltr'>unguenti</span> <span class='ocrx_word' id='word_1_238' title='bbox 626 3830 726 3888; x_wconf 75' lang='lat' dir='ltr'>naroli</span> <span class='ocrx_word' id='word_1_239' title='bbox 745 3832 907 3901; x_wconf 75' lang='lat' dir='ltr'>sincerae,</span> <span class='ocrx_word' id='word_1_240' title='bbox 924 3831 1103 3908; x_wconf 76' lang='lat' dir='ltr'>pretiosae,</span> <span class='ocrx_word' id='word_1_241' title='bbox 1128 3835 1280 3896; x_wconf 80' lang='lat' dir='ltr'>inunxit</span> 
     </span>
     <span class='ocr_line' id='line_1_33' title="bbox 269 3931 1281 4019; baseline 0.013 -27"><span class='ocrx_word' id='word_1_242' title='bbox 269 3933 467 4008; x_wconf 64' lang='lat' dir='ltr'>protenso.</span> <span class='ocrx_word' id='word_1_243' title='bbox 489 3931 603 4014; x_wconf 69' lang='grc' dir='ltr'><strong>ΛΙτρι,</strong></span> <span class='ocrx_word' id='word_1_244' title='bbox 614 3933 799 3995; x_wconf 71' lang='lat' dir='ltr'>vocabulum</span> <span class='ocrx_word' id='word_1_245' title='bbox 813 3933 1101 4019; x_wconf 81' lang='lat' dir='ltr'>originegraeoum,</span> <span class='ocrx_word' id='word_1_246' title='bbox 1112 3937 1281 4004; x_wconf 71' lang='lat' dir='ltr'>aristoma-</span> 
     </span>
    </p>
   </div>
   <div class='ocr_carea' id='block_1_13' title="bbox 0 0 1428 4776">
    <p class='ocr_par' dir='ltr' id='par_1_13' title="bbox 0 0 1428 4776">
     <span class='ocr_line' id='line_1_34' title="bbox 0 0 1428 4776; baseline 0 5"><span class='ocrx_word' id='word_1_247' title='bbox 0 0 1428 4776; x_wconf 95' lang='lat' dir='ltr'> </span> 
     </span>
    </p>
   </div>
  </div>
 </body>
</html>
