2848 4776
193 481 197 490 .
301 439 361 501 sna
593 521 598 536 Ι
700 417 887 490 senous
1050 364 1053 375 Ι

198 649 200 652 -
286 580 477 684 ’Ἑνκιιίνιιῃ
499 622 517 665 a
538 603 638 666 verbo
659 597 856 690 ἕγιαινίζιιν,
883 605 1069 682 innovare,
1097 615 1170 665 snat
1196 601 1310 666 solem·

303 716 355 778 nia
374 710 634 800 inaugurationis.
677 709 783 798 Quum
804 711 865 774 boo
885 707 998 792 lectum
1014 725 1155 796 tempore
1171 689 1308 794 hyemali

305 826 532 897 celebraretur,
552 843 655 906 neque
678 818 811 908 cogitari
830 835 935 904 potest
961 823 999 884 de
1027 819 1107 884 festo
1136 843 1258 886 annuo¹
1273 822 1308 884 iu

304 932 487 998 membriam
524 931 634 1014 templi
670 951 688 992 a
720 930 888 1006 Salomone
931 928 1085 994 aedificati
1119 923 1307 995 celebrando

304 1042 407 1128 (quod
434 1038 592 1103 incidebat
618 1042 651 1102 in
678 1061 817 1102 mensem
845 1042 1023 1114 Ethnm'm,
1056 1059 1080 1106 a.
1112 1039 1308 1124 Septembris

305 1166 337 1217 ct
359 1150 509 1216 Octobria
529 1165 669 1234 partem,
688 1151 750 1214 rid.
775 1165 801 1218 t.
823 1149 904 1235 ch·
924 1149 1011 1226 vlu,
1035 1155 1102 1228 2).
1136 1171 1239 1234 neque
1269 1153 1307 1215 de

287 1244 435 1328 'secundi
456 1261 565 1358 templi
584 1254 821 1344 inaugnrt'ttione
843 1281 902 1343 per
915 1257 1098 1338 Nebsmiem
1118 1267 1215 1344 (quae
1232 1275 1309 1324 tem·

304 1393 383 1459 pore
404 1371 523 1434 vernali
545 1367 625 1433 facta
644 1384 708 1446 est,
737 1369 798 1431 vid.
821 1369 903 1430 Essa
922 1369 981 1444 Vl,
1005 1370 1086 1452 15.);
1106 1371 1163 1432 sed
1182 1369 1308 1449 festum,
1366 1387 1379 1414 ⁸

305 1483 390 1569 quod
411 1481 442 1542 b.
464 1482 485 1543 l.
507 1480 690 1566 attingitur,
724 1479 941 1542 celebrabatur
964 1481 998 1541 in
1019 1481 1200 1543 memoriam
1230 1496 1308 1544 tem-

304 1591 349 1679 pli
377 1592 417 1655 ab
437 1591 599 1684 Antiochi
610 1593 813 1684 'Epiphania
842 1589 987 1652 sordibus
1013 1590 1156 1675 purgati,
1186 1612 1204 1652 a
1232 1591 1308 1654 luda

304 1700 496 1765 Maccabaco
523 1699 627 1782 primo
654 1699 838 1765 institutum.
887 1700 949 1762 Per
973 1714 1045 1763 octo
1075 1697 1142 1762 dics
1171 1701 1310 1764 celebra·

272 1867 276 1876 .
304 1813 399 1875 batur
417 1811 491 1873 inde
518 1809 611 1870 a⁸die
637 1807 746 1876 XXV.
771 1811 889 1871 mensis
917 1807 1027 1872 Cisleu
1056 1813 1092 1890 (1
1121 1809 1220 1874 Maec.
1252 1810 1307 1885 tv,

307 1935 356 1990 56.
379 1909 427 1992 59.
463 1919 593 1990 2Msco.
614 1917 666 1992 X,
701 1935 726 1986 5.
755 1931 817 1994 8.),
845 1919 899 2002 qui
925 1941 1067 2002 magnam
1094 1930 1214 2001 partem
1244 1917 1307 1980 De·

244 2055 251 2071 ¹·
306 2027 442 2094 cembris
463 2042 603 2113 occupat.
643 2027 816 2099 Dicar-ero
836 2027 945 2091 XXV.
974 2024 1089 2088 mensis
1109 2025 1214 2091 Cialeu
1242 2032 1323 2090 non'
1396 2068 1398 2076 ·

215 2145 219 2156 ⁴
306 2137 418 2225 quovis
439 2123 520 2203 imno
541 2137 711 2223 respondet
727 2151 818 2200 ’certo
840 2136 1028 2201 Decembris
1051 2135 1131 2212 diei,
1153 2137 1226 2222 quia
1243 2137 1305 2200 lle·

306 2250 395 2312 braci
424 2269 520 2312 enrros
546 2263 708 2311 numerant
737 2215 871 2311 lunares.
919 2245 1074 2309 Hebraico
1102 2247 1164 2310 boo
1191 2244 1306 2311 festum

304 2379 432 2467 mam
462 2358 596 2437 dicitur,
631 2372 662 2424 et
698 2359 842 2421 accensio
876 2359 1083 2422 lucernarum·
1140 2359 1165 2422 S
1170 2359 1306 2424 cbabb

310 2504 467 2566 Tradunt
488 2503 650 2566 Raetias·
673 2507 704 2566 A
725 2465 778 2564 dic
796 2503 907 2569 XXV
936 2505 1058 2564 mensis
1087 2501 1200 2564 craten
1224 2510 1308 2564 surtt
1336 2513 1339 2519 “

254 2597 257 2613 ’
312 2613 408 2676 VIII.
433 2615 507 2676 dies
533 2616 791 2686 encoeniorum,
818 2616 890 2674 ina
883 2613 1002 2692 crnibus
1034 2630 1093 2672 nec
1119 2612 1307 2691 lugendum

306 2730 373 2792 cst.
396 2743 457 2786 nec
478 2725 713 2784 ieiunandum.
754 2721 847 2784 llam
877 2741 977 2801 quum
1009 2719 1134 2781 Graeci
1162 2723 1307 2782 inuasis-

306 2839 380 2892 sent
397 2833 567 2908 templum,
581 2831 780 2910 polluerunt
797 2834 1010 2901 universum,
1027 2825 1117 2909 qdbat
1131 2833 1165 2890 in
1182 2831 1308 2909 templo

307 2945 394 3010 arnt,
418 2939 535 3004 oleum.
564 2943 611 3002 At
635 2961 739 3020 qaum
758 2941 1003 3018 praevaluisset
1021 2957 1084 3000 rex
1104 2941 1308 3002 Armonueo·

277 3063 281 3074 '
307 3068 397 3121 rum,
412 3055 576 3130 atqueeos
592 3052 780 3122 deva'ca'sset,
794 3052 1044 3127 quaesiverunt,
1063 3050 1121 3109 sed
1137 3068 1206 3109 non
1217 3054 1310 3110 ιἰιυε·

212 3136 216 3146 Χ
301 3165 434 3219 nerunt
456 3160 523 3219 nisi
546 3181 646 3220 unam
667 3151 730 3219 olel
750 3157 908 3236 phialam.
923 3192 962 3204 -·
977 3159 1121 3220 Factum
1137 3163 1184 3216 est
1204 3159 1310 3218 mira·

308 3267 435 3337 culum.
477 3269 572 3331 Nam
592 3269 823 3329 accenderunt
844 3267 885 3326 de
906 3287 946 3327 ea
972 3271 1006 3328 t'n
1028 3269 1096 3328 dies
1118 3273 1203 3328 octo.
1234 3271 1308 3329 Λιι-

309 3395 354 3439 no
376 3395 455 3461 ergo
476 3387 634 3458 reticente
656 3381 878 3438 instituerent
901 3377 971 3437 alies
990 3375 1110 3458 festos.
1158 3373 1309 3458 Iosephus

308 3485 401 3548 ettam
419 3491 527 3568 φῶτα,
548 3487 680 3548 lomina
699 3498 789 3547 vocat
810 3483 991 3567 (Antiquitt.
1014 3481 1051 3548 L.
1070 3481 1143 3557 XII,
1159 3495 1216 3558 5.),
1235 3483 1310 3567 quia

250 3623 255 3636 ·
308 3607 404 3656 noctu
424 3614 484 3677 per
502 3607 585 3658 totos
606 3595 664 3656 bos
686 3609 757 3656 octo
780 3589 847 3656 dics
868 3593 1013 3655 lucernae
1037 3591 1069 3654 in
1098 3592 1242 3654 domibus
1275 3593 1309 3655 in

308 3703 432 3787 signam
454 3705 587 3769 laetitiae
610 3705 870 3772 accendebantur.
910 3701 1029 3764 Eadem
1056 3721 1143 3766 sacra
1164 3701 1311 3765 diceban·

309 3814 486 3878 teretium
519 3821 554 3880 ol
576 3817 687 3901 ἡμέραι
712 3817 907 3896 diametrus&
936 3815 990 3879 roll
1022 3799 1260 3897 durracfaplav,
1292 3823 1306 3880 1

308 3922 412 3987 Maso.
431 3925 496 4002 lV,
516 3938 564 3996 59.
585 3937 618 3988 et
637 3927 831 4012 audeprrula
849 3927 902 3988 rori
921 3925 1018 4009 Iapeti.
1049 3917 1185 3992 2Macc.
1206 3921 1236 3998 l,
1263 3936 1310 3992 18.

309 4030 430 4118 χειμών
456 4025 514 4120 ἦν)
546 4033 612 4099 Atii
646 4033 787 4119 hyemale
816 4019 959 4118 temdus,
988 4041 1024 4098 ut
1056 4031 1310 4128 distinguatura

1235 4155 1311 4207 vere
