2792 4796
258 391 342 498 'sta
574 422 579 436 ·
709 365 894 488 senonia
960 399 963 406 '
995 411 999 421 '

281 601 460 666 Deus'suos
480 597 582 686 affligi,
601 599 747 685 impune,
774 603 830 666 sed
851 602 903 667 aut
922 601 1013 666 malis
1032 593 1290 688 homiuibus'po-

255 717 421 782 ,testatem
449 711 585 800 nocendi
620 710 751 791 adimet,
779 727 832 776 aut
859 704 932 777 suos
960 713 999 778 ab
1033 711 1179 777 omnibus
1200 715 1289 811 malis
1359 719 1365 746 ²

279 835 410 904 ereptos
425 821 457 883 in
480 823 622 905 requiem
636 838 790 886 aeternam
812 823 988 888 transferet.
1008 823 1178 908 Disputant
1193 817 1288 900 doot'i,

249 993 252 998 .
278 954 318 994 au
341 923 532 1009 haec'rerba
554 931 592 993 ad
613 933 762 1016 proxima,
784 947 836 995 aut
854 933 1038 1016 interposita
1060 936 1156 1020 longa
1176 929 1288 994 disser-
1364 996 1373 1006 ,

267 1041 404 1116 tatione,
432 1041 472 1101 ad
497 1041 592 1102 rerba
619 1043 736 1126 prioris
755 1027 874 1127 ¹capitis
900 1045 937 1104 da
959 1043 1078 1106 iudicio
1101 1059 1236 1107 extremo
1258 1057 1289 1136 et
1381 1049 1383 1066 ¹

277 1155 411 1216 adventu
434 1150 503 1212 lesu
525 1148 643 1213 Christi
669 1155 849 1240 respiciant.
897 1151 1044 1216 sednon·
1063 1175 1141 1236 opus
1163 1153 1289 1216 astion-

256 1286 319 1352 ·ga
340 1263 562 1348 disputatione,
584 1285 680 1346 quum
702 1241 850 1350 parabola
871 1264 966 1326 modo
986 1240 1106 1347 prolata
1121 1263 1288 1327 cohaereat

187 1370 194 1378 ⁸
276 1398 348 1440 curn
373 1352 636 1460 praecedentibus
664 1373 861 1436 sermonibus
888 1373 926 1435 de
949 1373 1083 1436 adventu
1105 1373 1223 1442 Christi
1246 1375 1286 1437 nd
1377 1447 1379 1455 Ι

275 1485 428 1548 iudicium
459 1487 493 1546 in
515 1483 655 1546 Iudaeos.
708 1478 796 1568 Πλῆν
825 1521 861 1531 -
889 1487 942 1549 ἐπὶ
963 1474 1017 1567 riis
1034 1487 1128 1571 7543)
1156 1487 1284 1548 Verun-

276 1605 398 1672 tamen,
426 1615 533 1679 quum
561 1597 708 1684 Masatos
734 1599 859 1666 veniet,
888 1615 934 1656 un
957 1606 1155 1676 reperturus
1175 1606 1223 1660 est
1236 1593 1286 1680 fi
1381 1575 1385 1582 ⁸

275 1709 353 1769 dem
376 1712 411 1768 in
432 1703 556 1768 terra?
576 1703 659 1765 Num
683 1706 753 1789 quis
771 1703 881 1766 credet
902 1703 1001 1787 prius,
1024 1728 1095 1767 aum
1117 1719 1284 1767 venturum

275 1835 344 1878 essa
365 1804 465 1876 ultum
488 1813 630 1889 Iudaeos,
653 1837 745 1899 quam
768 1813 914 1877 venerit?
935 1815 1104 1894 Putatione,
1127 1815 1285 1892 Messium,

274 1927 330 1988 ubi
352 1927 544 1987 maiestatem
569 1945 654 1987 suam
676 1925 934 1988 manifestaturus.
950 1926 1063 2000 veniet,
1086 1937 1284 2008 reperturum

161 2027 164 2035 ¹
275 2058 349 2127 esse¹
366 2037 479 2100 multos
502 2035 555 2119 qui
577 2037 683 2120 ipsum'
704 2048 893 2120 exspectent,
916 2047 946 2096 et
968 2037 1028 2098 tale
1049 2036 1126 2119 quid
1142 2037 1285 2098 immine·

275 2169 309 2210 re
338 2147 496 2209 credant?
522 2159 624 2220 πίστις
657 2147 688 2210 h.
717 2148 739 2208 l,
766 2169 830 2208 uon
859 2155 906 2206 est
926 2143 1015 2226 fides
1036 2148 1235 2220 christiano,
1257 2165 1282 2209 a.

218 2255 238 2354 ’ἢ
276 2255 420 2338 salvifica,
442 2261 497 2324 sed
519 2259 689 2338 persuasio,
711 2269 873 2334 venturum
895 2273 962 2316 esse
983 2254 1144 2322 Messium.
1186 2255 1285 2318 luteo

275 2370 400 2456 rogatio
422 2393 484 2432 non
506 2372 601 2434 habet
618 2370 678 2432 rim
702 2374 887 2450 negantem,
908 2363 964 2424 sed
984 2369 1206 2443 minuentem,
1220 2355 1284 2433 noir
1336 2441 1343 2451 .

219 2497 221 2502 ’
275 2499 367 2542 secus
389 2501 425 2543 ac
447 2481 666 2544 Hebraeorum
692 2476 966 2560 interrogationes,
993 2497 1019 2537 e.
1044 2498 1072 2539 c.
1096 2497 1122 2542 1.
1146 2477 1227 2540 Sam.
1242 2479 1283 2554 ll,

277 2603 324 2658 15.
343 2589 416 2667 Xtt,
436 2605 484 2674 2⁵3.
506 2589 563 2652 les.
584 2589 666 2664 Lttt,
688 2601 715 2655 1.
738 2583 854 2647 Sensus
874 2584 974 2670 igitur
995 2600 1057 2657 est:
1089 2579 1224 2654 Paucos
1247 2595 1284 2653 in

273 2701 474 2764 Palaestino
503 2701 693 2761 credituros
729 2716 799 2760 esse
838 2701 910 2758 eius
946 2699 1134 2760 aduentum
1176 2705 1283 2780 prius,

274 2829 377 2890 quam
404 2796 615 2889 apparuerit.
663 2803 784 2891 Numa}
810 2809 849 2889 γῆ
863 2803 995 2867 sumitur
1015 2806 1166 2870 strictiori
1190 2811 1284 2869 sens'u
1335 2811 1345 2824 “

274 2918 419 2980 deterre
446 2915 580 2992 iudaioa,
608 2929 643 2977 ut
669 2924 825 3001 stravere,
853 2917 939 2986 alibi,
986 2915 1065 2978 'Aliis
1087 2931 1188 2992 eloris
1207 2913 1237 2976 h.
1259 2916 1284 2982 1.

203 3105 207 3124 ¹
274 3027 425 3090 denotare
453 3025 578 3118 ridetur
600 3023 733 3110 fideles,
758 3011 852 3090 iidem
874 3045 959 3090 suam
981 3026 1014 3087 in
1034 3025 1103 3090 Deo
1125 3027 1285 3091 collocan-

273 3151 332 3213 tes,
353 3138 509 3198 abstracto
524 3135 638 3219 'posito
658 3159 718 3224 pro
740 3121 979 3216 concremant
992 3135 1173 3226 fiduciam¹
1189 3161 1287 3224 quam

272 3244 367 3332 probi
389 3247 423 3308 in
444 3245 512 3310 Deo
535 3245 702 3322 collocent,
725 3247 761 3310 ut
779 3241 894 3310 sensus
909 3249 963 3308 sit:
982 3251 1206 3330 paucissimos
1226 3243 1287 3332 so-

273 3379 312 3424 re
332 3379 412 3422 vere
434 3361 616 3421 credentes.
657 3355 720 3448 'Eo
742 3379 855 3442 nempe
875 3369 1028 3440 tempore,
1050 3377 1113 3440 quo
1139 3357 1287 3424 Christus

273 3465 359 3530 venit
385 3467 424 3529 ad
453 3465 630 3549 puniendos
657 3467 787 3531 ludaeos
816 3482 847 3531 et
876 3470 916 3531 ad
938 3469 1173 3556 propagandam
1190 3469 1287 3533 latius

274 3579 437 3648 aeclesiam
470 3599 566 3655 suam,
595 3587 704 3641 omnes
720 3567 891 3664 Apostoli,
926 3579 952 3640 si
973 3577 1120 3640 Ioannem
1139 3577 1286 3664 excipias,

273 3688 392 3752 mortui
419 3701 516 3762 eraut,
547 3688 717 3751 Christiani
745 3689 848 3751 aute'm
877 3691 965 3752 valde
993 3685 1218 3772 affligebantur,
1238 3691 1288 3751 ri·¹
1316 3725 1320 3732 ·

272 3815 335 3886 tam
364 3813 396 3863 et
416 3823 493 3885 opes
528 3799 720 3870 amittebant.
770 3797 842 3862 Hoc
864 3799 977 3862 multos
998 3799 1032 3860 iu
1054 3797 1285 3864 dubitationem

258 3907 476 3990 conficiebat,
500 3933 573 3974 num
592 3912 726 3974 Messias
746 3909 919 3972 doctrinam
940 3929 1027 3973 suam
1052 3924 1285 3996 propagaturus

256 4001 375 4086 '‘esset?
396 4020 460 4112 Qui
482 4023 648 4087 adrentum
669 4018 766 4082 ntum·
779 4017 818 4082 de
839 4020 974 4098 adventu
993 4017 1115 4087 Christi
1127 4031 1283 4086 extremo

276 4136 279 4146 '
1241 4131 1283 4196 sd
