2860 4788
174 432 177 442 ¹
285 431 345 490 su
674 415 861 509 ‘senona

236 587 242 600 “
268 609 318 658 et
344 593 509 656 virtutibus
538 593 604 656 aius
630 597 841 686 testimenium
871 592 993 678 ferebat
1021 608 1053 657 et
1081 595 1115 655 in
1143 577 1276 682 gratiam
1338 655 1349 664 „

285 707 541 788 desponsaturum
563 723 633 764 cum
652 705 761 769 iisdem
783 706 960 788 nuptiarum
981 721 1136 788 tempore,
1161 719 1277 788 etpost
1300 729 1309 740 ·

248 831 251 850 ¹
284 814 506 899 aliquantisper
527 819 790 890 commorabatur,
821 819 1136 900 praecipuequoque
1164 799 1276 876 honori

284 945 415 1007 sponsae
440 937 470 982 et
491 945 588 1022 norae
605 929 729 986 maritae
746 927 950 988 consulturus.
994 927 1168 991 Catuuoth.
1191 923 1275 991 fita.

256 1050 313 1115 ¹1.
359 1038 448 1096 Olim
476 1036 512 1094 iu
531 1035 668 1096 tunna
692 1033 781 1099 'dnos
805 1023 1062 1115 paranymphos
1093 1039 1302 1099 constitue.

284 1148 382 1216 beant,
408 1163 517 1204 unum
536 1163 676 1222 sponso,
698 1146 839 1206 alterum
857 1163 1017 1223 sponsae,
1042 1151 1078 1204 ct
1099 1145 1162 1203 illis
1179 1135 1277 1204 mini-
1325 1203 1328 1211 ,

109 1285 113 1310 ι
181 1241 187 1250 ’
281 1261 449 1324 strarant,
482 1253 619 1328 quando
647 1257 684 1314 in
706 1253 881 1332 Chuppcm
905 1252 1068 1334 (conclave
1090 1251 1123 1310 in
1144 1271 1207 1333 quo
1228 1263 1275 1312 est

282 1363 380 1422 lectus
408 1358 598 1442 opniugalis)
625 1364 876 1443 ingrediuntur.
916 1360 1015 1423 Multa
1035 1361 1111 1422 loca
1134 1374 1274 1422 veterum

283 1471 468 1532 ludaeorum
498 1467 601 1530 laudat
633 1459 818 1532 WetsIeus
851 1466 898 1530 Cf.
931 1457 1160 1554 Liglttfoo't
1194 1469 1272 1530 Hor.

190 1617 196 1642 i
282 1580 382 1640 Hebr.
405 1593 435 1639 et
455 1579 549 1638 'l'altnv
573 1578 612 1639 ad
641 1577 686 1640 tm
706 1577 752 1652 ll,
781 1591 808 1644 1.
855 1575 1209 1660 ‘Odrrpsniepertinet
1235 1579 1275 1640 ad

174 1680 182 1691 ’
282 1711 414 1770 sequens
435 1683 567 1763 α’κούων,
601 1689 701 1770 q.d.:
728 1685 800 1770 Ego
822 1707 885 1748 uon
907 1686 967 1746 nisi
993 1689 1008 1749 i
1031 1693 1116 1760 Φίλος
1138 1689 1273 1750 Messiae

283 1820 360 1872 suni,
382 1797 498 1880 quippe
513 1798 567 1879 qui
583 1817 746 1880 appaream
761 1808 955 1877 attentusque
970 1811 1153 1877 exspectem,
1174 1779 1291 1880 nsque‘

120 1901 132 1928 ⁸
221 1937 238 1996 Ι·
283 1911 354 1969 dnm
377 1929 451 1968 voce
474 1928 489 1968 e
510 1905 655 1969 cubiculo
681 1905 791 1966 emissa
817 1924 946 1986 sponsus
964 1905 1107 1966 laetitiam
1129 1905 1274 1988 profitea·
1382 1923 1391 1940 ‘

237 2041 243 2060 ·
282 2031 348 2094 tnr3
381 2039 440 2100 qua
463 2037 538 2078 voce
566 2017 668 2077 audita
694 2015 806 2099 ingens
829 2025 875 2074 est
895 2015 1041 2098 gaudium
1063 2037 1181 2090 meum,
1209 2041 1273 2079 nou

279 2129 341 2220 pini
366 2127 459 2189 solius
482 2147 588 2202 causa,
617 2126 672 2186 sed
699 2123 784 2206 quod
805 2123 935 2192 aliorum
961 2123 1050 2184 saluti
1079 2138 1126 2186 est
1152 2127 1290 2214 cousul-⁴

281 2251 358 2298 tum.
401 2235 463 2295 Atii
484 2234 523 2296 ad
542 2255 609 2296 vce·
631 2228 763 2312 ἑστηκώς
786 2231 988 2294 subaudiunt:
1009 2233 1024 2296 ὅ
1044 2238 1095 2304 ἐπὶ
1118 2262 1154 2322 ep
1177 2234 1270 2320 θύρᾳ,

279 2345 370 2406 nteit
392 2361 514 2406 sensus:
536 2343 590 2425 qui
612 2342 710 2403 adstat
728 2341 863 2402 cubiculi
880 2339 1008 2404 foribus.
1036 2349 1137 2429 Δχοιρξῖ
1151 2363 1272 2430 χαίρειν

282 2455 466 2540 simpliciter
490 2466 536 2514 est
557 2456 689 2515 laetari.
723 2445 801 2528 αὕτη
821 2441 872 2514 οὖν
895 2449 1018 2538 ἦχαραῖ
1041 2453 1057 2533 ἦ
1079 2454 1134 2533 ipsi
1156 2451 1273 2538 ratris}-

278 2575 399 2650 pqu)
430 2563 489 2623 llic
516 2561 606 2624 tacita
634 2573 681 2622 est
707 2557 862 2641 spodosis.
912 2563 1194 2624 Consummntnm
1223 2573 1273 2625 est
1309 2568 1315 2582 “

277 2679 444 2758 gandium
472 2693 593 2736 meum.
641 2669 787 2730 Declarat
812 2668 911 2754 igitur
933 2667 1060 2730 loannes
1088 2671 1271 2752 hieremia,

279 2783 439 2855 nonsibi,
471 2781 525 2840 sed
548 2777 672 2840 Christo
699 2780 860 2862 primarias
889 2792 993 2861 parties
1021 2779 1145 2858 deberi,
1180 2775 1271 2846 sicdti

278 2892 311 2952 in
347 2890 462 2974 nuptiis
497 2909 629 2970 sponsus
661 2877 796 2972 primuni
827 2892 930 2951 locum
960 2889 1112 2966 obtineat3
1152 2906 1272 2954 tantum

278 3004 402 3072 abesse,
434 3012 468 3060 nt
494 3018 531 3056 ex
557 2996 651 3058 rebus
678 2999 795 3062 Christi
823 3001 981 3082 praeclare
1005 3001 1100 3083 gestis
1128 2999 1270 3064 dolorem

221 3181 226 3190 ,
278 3113 403 3184 sentiat,
439 3121 474 3168 ut
494 3109 598 3189 potins
620 3109 658 3187 de
681 3131 719 3172 eo
739 3109 870 3172 florente
892 3132 928 3172 ac
948 3109 1171 3176 inclarescente
1195 3133 1270 3194 gau·
1313 3153 1316 3161 -

278 3224 356 3284 duat.
399 3219 528 3300 lnsuper
553 3192 804 3295 satisdandum,
833 3219 948 3282 iamin
969 3219 1009 3280 V.
1030 3219 1066 3283 Τ.
1094 3221 1268 3300 ecclesiam,
1332 3295 1350 3316 κ

194 3347 198 3403 ζ
276 3346 310 3393 ut
328 3331 393 3392 eius
411 3326 536 3388 intimus
555 3347 625 3388 cum
639 3328 708 3390 Deo
728 3328 921 3414 intelligatur
943 3348 1107 3406 connexus,
1130 3330 1268 3394 describi
1295 3351 1307 3412 ζ

173 3499 177 3507 ,
276 3455 431 3519 tamquam
465 3446 610 3516 nuptam
636 3437 706 3501 Deo
741 3461 909 3517 uxorems
943 3439 1003 3500 vid.
1032 3438 1108 3498 Hos.
1136 3439 1180 3514 ll,
1219 3454 1268 3511 19.

187 3563 199 3572 ‘
274 3551 317 3612 Et
339 3547 480 3611 Christus
500 3546 567 3628 ipse
588 3569 711 3628 sponso
741 3569 774 3609 se
795 3549 982 3634 comparavit
1006 3547 1116 3632 Matth.
1134 3549 1198 3624 ΙΧ,
1221 3563 1267 3616 15.

248 3657 390 3731 -XXV,
423 3669 449 3720 1.
503 3655 615 3720 Paulus
638 3658 728 3718 etiam
757 3658 789 3718 in
810 3657 869 3740 Ep,
899 3658 938 3718 ad
958 3655 1074 3737 Ephes.
1105 3679 1131 3720 c.
1159 3659 1199 3725 V.
1228 3659 1269 3720 si·
1293 3657 1298 3686 ¹

274 3765 481 3828 militudinem
511 3766 654 3828 adhibuit
683 3769 720 3828 de
743 3766 886 3840 Christo,
927 3765 1076 3826 ecclcsiae
1102 3772 1267 3848 coniuge,

274 3877 329 3961 qni
350 3877 431 3936 illam
455 3876 565 3960 diligat
586 3877 676 3960 eique
699 3877 878 3958 prospiciat.
925 3872 973 3936 ef.
997 3877 1087 3934 ctiam
1115 3879 1176 3938 das
1198 3881 1296 3946 alte,

275 3991 453 4076 nnd'ncne
472 3989 641 4070 Morgeul.
675 3987 773 4050 TcV.
803 4009 835 4070 p.
859 3999 926 4054 Μ.
956 4005 1023 4068 sqq.

1217 4131 1255 4186 to
