2848 4776
249 329 327 410 'sos
683 327 873 410 eutrotia

112 523 117 534 ‘
242 502 401 604 'pareret
420 532 426 555 t
443 487 625 592 Mirandum
644 511 760 596 iff'tnr,
793 509 983 592 interpretes
1003 498 1155 594 quosdam
1181 511 1282 577 rerba

268 627 303 695 in
332 625 422 687 aliam
451 623 618 684 detorsisse
640 623 835 684 senteutiam.
875 619 979 684 Fuere
1007 636 1110 684 tamen
1136 635 1167 689 et
1193 637 1278 701 sunt,

176 755 179 764 ’
270 737 385 822 quibus
410 734 541 796 loannes
570 755 634 794 non
664 747 747 796 recte
779 731 935 792 iudicasse
966 731 1048 794 visus
1075 733 1124 796 sit.
1179 735 1278 796 Laza-

270 870 340 909 rum
368 867 442 928 non‘
461 865 534 916 rere
554 856 732 924 mortuum,
757 843 812 904 sed
841 863 955 924 sopore
982 843 1062 919 alto,
1097 865 1153 906 seu
1178 846 1278 908 antimi

271 957 410 1038 deliquio
429 955 575 1017 obrutum
595 950 690 1014 fuisse
712 952 895 1034 opinantur,
926 975 1064 1038 eumque,
1081 957 1177 1018 rebus
1207 939 1277 1054 qui·

269 1066 401 1130 busdam
436 1065 627 1154 naturalibus
659 1061 926 1126 intercedentibus
953 1066 1100 1129 revixisse
1126 1083 1274 1132 statuunt.

272 1175 326 1242 Sic
358 1173 713 1262 inprimis·iudioerunt
752 1177 792 1247 in,
822 1177 1012 1240 nostratibus
1046 1179 1208 1242 Paulus
1241 1182 1276 1242 in

167 1295 170 1313 '
272 1285 506 1352 Commentario
533 1286 576 1348 ad
597 1289 629 1356 lr,
651 1289 672 1348 l.
694 1299 725 1350 et
749 1289 958 1350 Goblerus
986 1288 1019 1348 in
1041 1290 1185 1352 Journal
1208 1289 1276 1374 fiir

182 1389 187 1404 '
272 1402 482 1464 arrserlesene
503 1399 603 1464 llreol.
625 1399 707 1464 latr,
729 1397 765 1458 Τ.
787 1397 839 1459 ΙΙΙ.
863 1419 894 1480 p.
916 1411 983 1466 235.
1006 1419 1073 1480 sqq.
1118 1397 1180 1485 Qui
1203 1399 1277 1465 VV.

216 1511 221 1527 ⁸
272 1508 343 1572 DD.
356 1519 471 1594 negant
486 1507 590 1582 etism,
603 1505 771 1568 Dominum
782 1507 890 1569 Lazari
908 1509 941 1569 in
957 1509 1036 1570 vitoe
1044 1509 1177 1570 reditum
1186 1531 1277 1592 prae·

273 1619 386 1706 vidisse
399 1630 438 1708 et
450 1616 651 1699 praedixisse.
677 1618 721 1678 At
736 1641 811 1682 vero
828 1619 1013 1680 narrationis
1025 1620 1177 1682 loannese
1196 1620 1278 1682 reri·
1341 1601 1349 1622 ’

186 1785 189 1796 .
273 1741 368 1792 tatem
379 1728 541 1814 ingeniose
550 1723 757 1789 defenderunt
770 1731 859 1792 Heu
869 1731 887 1789 b
899 1753 920 1792 n
930 1752 972 1792 cr
981 1735 1277 1794 usnrirnculorum

273 1843 316 1904 ult
331 1840 557 1920 Euangelistr'a
578 1847 796 1900 narratorum
810 1843 1021 1923 interpretat.
1030 1819 1211 1924 grammat.
1224 1842 1277 1904 trt-

133 1979 139 1987 -
225 1937 230 1942 ’
266 1961 354 2015 ator.
392 1947 498 2010 viret.
530 1959 616 2014 teor.
651 1967 683 2028 p.
706 1959 753 2014 st.
777 1965 842 2028 sqq.
876 1950 1193 2012 scrutinentur
1222 1954 1277 2014 ute

259 2055 474 2142 ‚Gourissheil
495 2059 554 2117 cler
577 2051 894 2138 Schrifler·kldrung
916 2061 1052 2148 erprolrt
1072 2081 1117 2120 on
1141 2063 1199 2120 cler
1211 2063 1276 2124 Er·

273 2171 424 2250 zillrlung
447 2188 516 2228 υοη
537 2167 598 2227 rlcr
626 2165 855 2228 Wiederlreleb
887 2169 918 2228 d.
943 2168 1022 2228 Loz.
1051 2165 1276 2238 Zurioh1sos.

274 2300 306 2363 p.
335 2291 400 2346 127.
431 2297 500 2360 sqq·
543 2275 739 2336 Sclrotlus
769 2273 804 2333 in
832 2270 1037 2344 Commentat.
1068 2284 1109 2340 ‹le
1136 2283 1277 2344 consilio

275 2410 341 2472 quo
361 2390 455 2450 Iesus
476 2387 641 2446 miraculo
661 2386 812 2450 ediderit,
856 2381 890 2442 Ρ.’
909 2379 947 2444 Il·
974 2399 1059 2454 1810.
1079 2409 1111 2470 p·
1134 2395 1180 2456 24.
1205 2409 1276 2472 sqq.
1300 2399 1323 2430 0'

275 2497 339 2564 elii.
381 2497 588 2579 interpretum
611 2504 642 2552 et
661 2503 799 2552 aeterum
823 2505 853 2552 et
883 2494 1111 2572 recentiorum,
1141 2498 1197 2581 qui
1225 2511 1279 2562 aut

276 2603 500 2692 impugnarunt
526 2617 579 2664 sut
606 2598 814 2664 defenderunt
843 2603 928 2664 illam
958 2605 1184 2683 narrationem,
1211 2629 1279 2670 sera·

219 2701 221 2710 ,
275 2717 388 2780 tentius
423 2713 654 2802 accuratissime
685 2713 814 2798 collegit
848 2727 879 2776 et
909 2715 1093 2778 examinarit
1122 2719 1281 2782 Iiuinii·

163 2801 165 2810 Ι
275 2832 379 2901 llus,
401 2827 455 2909 qui
477 2838 507 2886 et
530 2825 597 2906 ipse
620 2825 666 2886 rei
688 2837 828 2888 narratae
849 2827 1009 2887 veritatem
1040 2825 1122 2892 tueri
1150 2827 1277 2890 studuit.

276 2936 382 3012 Adde,
407 2935 461 3018 qui
480 2935 572 2998 etism
591 2956 652 3018 pro
673 2936 815 3018 spiraculi
833 2937 962 2998 rer-itote
985 2936 1125 3019 scripsit,
1139 2939 1281 3002 Luctat-

277 3070 344 3113 um
365 3047 401 3108 Τ.
425 3046 462 3109 ΙΙ.
486 3068 517 3130 p.
538 3061 608 3115 512.
628 3068 697 3131 sqq.
754 3049 821 3110 Nos
849 3045 997 3129 deinceps
1026 3047 1059 3108 in
1086 3049 1153 3132 ipsa
1182 3047 1279 3110 inter·

275 3157 451 3244 pretatione
471 3156 627 3230 breviter,
647 3159 692 3222 uli
716 3155 778 3218 sert
797 3157 895 3218 nostri
917 3139 1049 3219 instituti
1069 3157 1165 3234 ratio,
1185 3181 1278 3242 quse·

276 3270 346 3332 dam
367 3268 563 3356 attingemus.
612 3263 755 3329 Offendit
789 3266 881 3328 etiam
910 3268 1092 3344 nonnullos,
1118 3271 1203 3352 quod
1229 3290 1278 3332 so·

209 3441 212 3446 .
260 3377 326 3444 .lus
347 3379 476 3452 loannes
496 3378 705 3440 narrationem
728 3376 810 3438 illam
831 3377 989 3454 retulerit,
1011 3380 1186 3466 tacentibus
1205 3381 1278 3474 peli-

269 3490 348 3575 .quis
368 3491 595 3579 Evangeliatis,
623 3489 677 3572 qui
699 3488 779 3550 nihil
804 3487 849 3552 de'
868 3487 987 3550 Lazaro
1021 3485 1163 3552 redivivo
1196 3511 1280 3554 com·

276 3616 458 3664 memorant.
502 3602 597 3686 Quod
625 3603 680 3685 qui
709 3600 822 3668 factum
852 3601 909 3676 sit,
947 3598 1032 3660 rario
1061 3599 1156 3662 modo
1183 3601 1279 3663 inter·
1326 3650 1330 3659 .

276 3725 382 3796 pretet
401 3713 555 3796 explicere
577 3712 750 3775 uoluerunt.
791 3711 835 3774 Et
853 3709 981 3796 quidem
1002 3709 1055 3771 alii
1077 3711 1279 3788 Matthaeurn,

275 3823 420 3886 Marsum
445 3835 477 3884 et
498 3822 616 3886 Lucam
635 3842 687 3886 rea
707 3822 904 3908 potissimum
931 3820 965 3884 in
991 3818 1131 3886 Galilaea
1160 3843 1178 3886 a
1209 3823 1280 3886 lesu

195 3905 200 3926 ⁸
275 3946 381 4028 gestas
407 3944 592 4020 persecutos
614 3953 703 4010 esse,
731 3933 824 4018 plura
838 3909 949 3998 aotsm'
969 3933 1125 4012 Domino,
1151 3946 1280 3998 restore
1323 4011 1334 4021 .

1154 4041 1280 4122 Ioanne.
1357 4037 1359 4046 '
