2860 4788
246 363 250 390 ¹
294 399 355 462 en
689 387 876 484 sunonis
921 415 925 420 ·

210 544 213 550 ’
294 547 410 638 Erech.
431 565 616 642 XXXVII,
643 579 674 638 5.·
695 579 744 636 ts.
765 573 811 635 rt.
855 569 919 640 (Ad
941 587 1020 652 quse
1042 563 1172 632 locant.
1195 553 1298 637 ΕΡ.

191 657 194 666 .
296 681 332 740 C.
363 669 677 740 Rosenmiilleri
711 677 884 755 Scholia.)
942 677 1023 744 Dan.
1050 676 1132 754 Xll,
1170 691 1200 746 2.
1224 680 1300 758 .uhi

212 775 217 784 ’
293 787 450 850 restitutio
475 787 669 870 reipublicae
690 775 833 848 Iudaicae
854 787 921 850 sere
947 787 1160 868 collapsae-iu
1181 802 1299 852 statum

293 921 383 961 suum
402 896 567 962 florentem
588 896 790 979 promittitur.
843 896 891 960 Cf.
913 919 993 982 quae
1025 908 1135 963 contra
1157 879 1297 980 disputa·

293 1021 368 1070 runt
396 1011 573 1070 Eduurd
606 983 826 1092 Srreedorf
851 1009 1061 1081 Hcmm'er‚
1101 991 1234 1084 Dacus]
1259 1007 1296 1068 in

294 1121 418 1186 dissert.
455 1135 534 1198 quae
569 1114 721 1198 inscripta
752 1131 818 1178 eat:
857 1083 1079 1182 Mdrtuorum
1115 1121 1151 1192 in
1189 1123 1297 1204 uitam

293 1231 483 1300 revocatio,
504 1227 714 1290 sermonibus
738 1230 864 1290 Christi
889 1229 1071 1305 historicce
1092 1229 1297 1306 interpreto-

291 1337 683 1418 tionisopevindicntu.
726 1336 923 1418 Lipsttttlt·
958 1341 987 1400 l·
1031 1336 1230 1398 Schottus
1258 1334 1295 1395 in

294 1452 436 1542 Opuscc.
468 1442 505 1504 Τ.
534 1445 556 1505 l.
585 1465 616 1526 p.
647 1457 714 1515 196.
755 1467 824 1528 sqq.
858 1443 891 1503 in
921 1440 1131 1510 Commentar.
1163 1448 1200 1506 in
1236 1464 1295 1508 eos

292 1559 419 1621 Christi
446 1575 616 1617 sermones
637 1565 696 1616 etc.
728 1555 764 1615 Τ.
787 1556 811 1617 l.
832 1573 865 1638 p.
889 1566 957 1623 201.
987 1575 1054 1638 sqq.
1099 1551 1163 1640 Qui
1190 1555 1293 1618 varias

291 1669 331 1729 de
354 1663 506 1726 hocloco
532 1662 697 1745 opiniones
717 1663 890 1726 accuratius
913 1663 1034 1726 discere
1051 1637 1210 1746 cupierit,
1238 1669 1305 1737 eas¹

288 1778 458 1843 recensitas
478 1773 564 1856 legat
580 1771 614 1832 in
632 1775 860 1836 Kninoelii
883 1770 1124 1850 Commentario,
1145 1773 1185 1836 ad
1205 1771 1237 1833 h.
1256 1773 1292 1848 l.‚

288 1888 344 1974 qui
372 1888 439 1970 ipse
467 1884 621 1946 consentit
647 1903 717 1944 cum
745 1881 802 1956 iis,
842 1883 895 1964 qui
933 1895 1030 1944 totum
1060 1881 1154 1946 hunc
1172 1881 1292 1946 Christi

290 2017 466 2062 sermonem
496 1991 692 2077 slephyeics
732 1990 963 2054 resurrectione
996 1991 1132 2078 intelligi
1165 1993 1291 2070 malint,
1310 2033 1324 2062 a

288 2127 380 2194 quam
402 2107 440 2166 de
461 2102 582 2166 morali.
623 2099 690 2163 Nos
711 2112 777 2161 toto
793 2099 896 2164 animo
914 2101 1164 2184 adstipulandum
1184 2077 1291 2166 cense-

255 2227 262 2245 ‘
287 2240 357 2282 mus
370 2215 523 2280 Liichio
538 2221 652 2300 ‘tquem
668 2207 867 2292 praeiverunt
883 2212 1046 2274 Semlerus
1061 2223 1091 2272 et
1105 2213 1291 2294 liezelius),

288 2328 343 2414 qui
370 2326 404 2386 in
428 2321 637 2386 Comnrenter.
669 2322 751 2380 iiber
781 2323 834 2381 die
864 2321 976 2384 Schrr.
999 2323 1055 2383 des
1077 2323 1290 2406 Evangelist.

286 2439 361 2502 Ich.
379 2434 421 2524 Τ.
442 2431 479 2494 ll.
502 2455 535 2521 p.
558 2445 604 2500 29.
636 2450 703 2512 sqq.
734 2427 894 2490 contendit
921 2442 953 2490 et
974 2427 1137 2526 ingeniose
1160 2424 1291 2496 demon-⁵

286 2561 377 2620 strat,
406 2537 644 2606 resurrectionis
671 2552 702 2600 et
723 2537 870 2627 physicae
899 2553 930 2620 et
955 2539 1081 2601 moralis
1104 2537 1288 2606 defensores

287 2656 439 2742 quaedam
466 2651 536 2713 iure
563 2647 623 2714 sibi
653 2649 842 2726 vindictam,
882 2649 1032 2736 quaedam
1055 2663 1158 2713 autem
1183 2650 1290 2719 minus

189 2831 192 2840 .
255 2776 258 2784 ’
284 2763 462 2853 probabilia
483 2758 664 2822 coniecisse.
714 2754 796 2820 Sene
823 2779 933 2820 rerum
958 2758 992 2820 in
1020 2758 1126 2822 medio
1147 2760 1289 2843 positum

207 2895 212 2911 ¹
286 2893 317 2940 et
342 2898 377 2939 es
400 2876 482 2934 hunc
502 2871 606 2931 locum
633 2868 861 2952 interpretandi
890 2869 969 2931 ratio
995 2869 1187 2932 admittenda
1217 2891 1289 2934 esse

284 2987 425 3057 ridetur,
445 3000 506 3062 qua
528 2978 687 3042 Christum
709 2993 866 3061 spectasse
889 2992 1061 3043 sntuamus
1078 3001 1149 3042 cnm
1168 2966 1305 3043 enimc*

168 3133 175 3140 ·
284 3119 355 3158 rum
375 3091 457 3154 vitiis
480 3103 698 3170 corruptorum
719 3089 976 3165 renascentiam*
994 3102 1060 3151 tum
1088 3103 1288 3152 mortuorum

281 3189 318 3266 in
341 3202 492 3283 sepulcris
513 3201 675 3262 latentium
703 3189 976 3262 reiurrectionem.
1026 3201 1143 3282 Aperte
1167 3222 1195 3263 r.
1218 3213 1287 3280 25.,

287 3314 376 3378 cuius
397 3311 492 3394 recha
515 3311 620 3372 stricte
643 3310 806 3371 coniuncta
834 3323 906 3369 sunt
934 3321 1004 3370 cum
1031 3332 1059 3369 r.
1079 3324 1145 3385 zm,
1181 3331 1286 3374 sermo

284 3437 331 3486 est
352 3424 390 3484 de
412 3445 444 3484 re
467 3421 641 3504 praesenti,
662 3419 726 3482 imo
747 3419 860 3502 partim
882 3419 973 3481 etiam
990 3421 1173 3502 praeterita,
1194 3419 1289 3480 nimi-

284 3553 353 3594 rum
383 3531 422 3593 dc
448 3529 655 3592 vivificatione
684 3549 809 3620 eorum,
842 3531 896 3612 qui
922 3529 1017 3592 animi
1049 3551 1160 3594 somno
1187 3530 1287 3612 sopiti

194 3645 196 3650 ’
283 3655 388 3717 erant,
423 3663 479 3724 per
499 3639 556 3720 mir
577 3636 691 3723 Φονὴνζ
714 3639 834 3701 scilicet
855 3643 909 3712 rod
928 3632 1037 3714 hirec,
1059 3659 1114 3700 seu
1134 3639 1285 3702 Messiae.

284 3753 433 3818 Verbum.
461 3752 575 3838 igitur,
619 3751 704 3832 quod
738 3763 786 3810 est
825 3747 989 3831 ambiguae
1034 3746 1285 3834 significationis.

283 3859 497 3949 ζωοπσιιΐν,
529 3859 767 3944 intelligendum
796 3871 843 3918 est
870 3858 906 3918 de
929 3859 1164 3920 resuscitatione
1192 3859 1289 3942 spiri·
1339 3871 1350 3918 ’.

281 3969 367 4033 tunli.
416 3968 536 4034 Verum
561 3969 735 4032 etiemhoc
756 3979 960 4043 certumst,
992 3987 1085 4030 versu
1106 3977 1156 4034 28·
1180 3979 1212 4032 et
1232 3981 1285 4040 29.

1214 4099 1283 4142 rem
